2580 4152
460 271 619 308 mur.
666 272 732 306 11.
780 270 903 306 car.
950 271 1017 306 11.
1062 272 1131 306 mi
1174 252 1417 309 mosaica
1459 269 1835 308 cosmoaoms..
2122 249 2200 308 85

185 413 316 471 182.
360 413 608 468 Demum
635 407 1227 470 animadvertendum
1249 421 1336 469 est
1355 456 1371 485 7
1399 432 1509 469 nos
1541 411 1786 469 minime
1814 407 2026 469 debere
2045 407 2206 486 judi-

99 509 252 567 cium
282 505 429 564 ferre
458 502 530 561 de
553 503 771 582 origine
807 502 1015 561 mundi
1045 507 1282 584 ejusque
1311 505 1659 564 formatione
1692 526 1764 564 ex
1791 505 2017 563 actione
2044 502 2206 563 lenta

100 613 159 662 et
189 598 548 682 progressiva
591 618 893 690 causarum
929 597 1314 657 secundarum
1337 644 1353 673 7
1394 621 1523 681 quae
1550 598 1842 658 mundum
1865 597 2045 657 semel
2072 619 2206 656 con·
2290 654 2299 666 ,

97 692 364 749 stitutum
382 703 612 770 regunt3
634 714 814 773 quum
842 695 995 751 Deus
1022 694 1410 774 omnipotenti
1432 695 1652 754 vvirtute
1677 714 1778 752 sua
1809 692 2202 771 νίω(δὺναμιν)

97 787 390 864 agentium
420 787 774 845 naturalium
811 809 1018 867 augere
1047 789 1304 868 potuerit
1332 809 1397 847 ac
1428 788 1781 869 rapidiorem
1812 786 2218 846 evolutionem-

97 880 322 938 entium
352 881 577 940 efficere
599 927 615 955 7
646 893 726 956 εἰ,
757 881 1254 963 quemadmodum
1281 883 1606 942 animantes
1637 894 1698 943 et
1721 882 2020 940 hominem
2037 892 2209 941 aetate

90 980 213 1053 jam
249 974 448 1034 adulta
477 976 734 1034 condidit
754 1023 770 1051 7
804 977 1008 1036 eadem
1032 978 1256 1036 ratione
1277 976 1568 1034 mundum
1595 978 1790 1058 ipsum
1821 981 2059 1057 ejusque
2081 997 2211 1058 par-

99 1079 185 1128 tes
228 1070 478 1148 singulas
499 1115 514 1144 7
550 1082 781 1130 montes
831 1073 1155 1151 praesertim
1183 1115 1199 1144 7
1232 1092 1376 1150 quos
1406 1075 1761 1149 primitivos
1801 1083 2048 1146 vocant7
2085 1092 2205 1130 uno

103 1166 377 1245 temporis
402 1175 621 1245 puncto
660 1165 851 1245 potuit
878 1165 1127 1223 efficere.
1154 1163 1375 1237 Quibus
1395 1165 1704 1246 praemissis
1726 1208 1742 1239 7
1771 1164 1847 1222 sit

934 1352 1359 1406 PROPOSITIO.

99 1494 303 1573 Neque
330 1515 400 1551 eat
422 1496 728 1573 qeoloqicis
755 1505 867 1551 aut
895 1493 1170 1573 physicis
1187 1535 1208 1564 ,
1240 1516 1426 1574 neque
1462 1516 1532 1553 ea·
1565 1499 1984 1554 astronomicis
2010 1494 2205 1554 obser-

180 1589 516 1646 vationibus
562 1590 883 1668 quidpiam
946 1594 1190 1648 eruitur
1207 1633 1228 1661 ,
1287 1590 1447 1648 unde
1509 1594 1878 1671 cosmoyonia
1938 1595 2204 1650 mosaica

177 1685 492 1762 infirmari
505 1687 714 1761 possit.

184 1858 314 1917 183.
359 1860 495 1917 Post
515 1880 580 1918 ea
601 1905 616 1933 7
647 1880 775 1940 quae
808 1859 1088 1918 hactenus
1127 1861 1424 1940 praemissa
1452 1882 1485 1918 a
1516 1860 1684 1920 nobis
1714 1872 1851 1920 sunt
1871 1906 1887 1936 7
1926 1862 2020 1923 vix
2061 1884 2203 1944 pro-

97 1952 331 2012 batione
355 1953 576 2033 indiget
599 1954 906 2012 enunciata
938 1955 1277 2035 propositio,
1313 1955 1419 2014 Vel
1442 1955 1601 2013 enim
1622 2001 1637 2030 7
1674 1976 1799 2036 quae
1824 1978 1894 2014 ex
1926 1956 2199 2036 geologia7

100 2070 169 2107 ex
214 2048 448 2130 physica
498 2060 671 2130 atque
716 2050 1070 2108 astronomia
1113 2050 1492 2131 proferuntur
1517 2097 1534 2126 7
1577 2049 1713 2110 talia
1748 2062 1919 2126 sunt7
1960 2063 2027 2110 ut
2071 2048 2204 2110 cum

96 2144 478 2202 communiori
513 2144 872 2225 expositione
909 2145 1180 2226 componi
1219 2146 1444 2227 possint
1463 2191 1479 2220 7
1509 2145 1605 2206 vel
1635 2168 1776 2205 non.
1814 2147 1874 2205 Si
1901 2147 2159 2228 primum
2179 2193 2194 2221 7

96 2259 403 2319 perperam
439 2239 613 2317 igitur
648 2240 971 2300 traducitur
1015 2244 1268 2299 mosaica
1306 2241 1671 2320 cosmogonia
1714 2241 1876 2302 velut
1916 2242 2202 2300 contraria

98 2333 264 2393 novis
304 2333 586 2410 ejusmodi
627 2333 1165 2409 observationibu53
1198 2336 1246 2394 si
1285 2335 1535 2395 alterum
1571 2335 1830 2411 dicatur7
1871 2336 1981 2395 hoc
2016 2352 2203 2394 unum

95 2519 180 2570 SS.
210 2520 451 2587 Augustini
469 2533 512 2571 et
526 2523 714 2571 Thomae
742 2527 997 2590 Aquinatis.
1019 2527 1104 2575 Ille

95 2596 219 2651 enim
248 2604 333 2651 lib.
365 2621 401 2650 11
418 2642 431 2664 7
464 2601 536 2652 De
558 2604 733 2653 Genes.
752 2605 905 2654 adlit.
925 2625 1036 2671 cap.·
1058 2623 1099 2665 ι,

95 2702 144 2732 n.
179 2682 212 2747 4
231 2702 243 2732 :
264 2683 364 2732 Hic
382 2723 395 2745 7
419 2688 572 2751 inquit
590 2723 603 2746 7
622 2689 830 2734 occurrit
853 2686 1105 2735 admonere

93 2765 355 2813 cavendum
382 2783 607 2815 errorem.
618 2802 629 2814 .
640 2802 652 2815 .
671 2785 731 2815 ne
746 2767 1005 2815 arbitretur
1019 2768 1104 2815 ali-

93 2849 203 2911 quis
236 2855 448 2895 nostrum
481 2848 710 2896 adversus
746 2851 919 2897 istos...
953 2849 1105 2896 subti-

95 2927 203 2975 liter
218 2929 497 2977 disserentes
509 2965 524 2989 ,
544 2931 635 2978 isto
654 2932 921 2978 testimonio
936 2929 1104 2995 Scrip-

95 3016 314 3057 turarum
331 3027 426 3058 esse
441 3011 691 3058 nitendum
709 3030 723 3075 3
749 3015 865 3076 quia
884 3012 978 3073 illi,
1005 3029 1105 3061 non

90 3092 263 3138 retenti
292 3094 573 3140 auctoritate
612 3092 883 3141 litterarum
916 3103 1105 3141 nostra·

91 3188 236 3230 rum,
279 3180 323 3218 et
364 3175 623 3221 nescientes
645 3212 658 3235 7
705 3175 1104 3239 quemadmodum

92 3252 276 3299 dictum
303 3254 367 3300 sit
384 3291 398 3314 7
424 3254 570 3303 libros
593 3265 780 3303 sanctos
802 3255 1005 3320 facilius
1031 3258 1103 3303 ir-

91 3333 316 3381 ridebunt
336 3369 350 3395 7
391 3351 535 3398 quam
573 3336 696 3384 illud
741 3337 1067 3404 repudiabunt
1085 3375 1098 3397 7

92 3415 217 3479 quod
236 3414 309 3462 vel
334 3417 475 3463 certis
497 3418 792 3479 rationibus,
822 3417 897 3466 vel
915 3421 1101 3484 experi-

94 3497 269 3543 mentis
312 3497 721 3560 manifestissimis
753 3500 1099 3564 probaverunt.

96 3575 187 3624 Hic
218 3586 371 3625 autem
395 3595 427 3641 p
445 3613 458 3636 7
498 3594 537 3639 1,
567 3577 720 3644 q.68‚
739 3581 796 3628 de
825 3598 959 3644 opere
972 3592 1103 3629 sextae

97 3656 220 3716 diei,
253 3664 344 3706 art.
395 3675 411 3705 1
434 3695 448 3718 7
485 3659 645 3707 scribit
676 3677 689 3707 ε
723 3662 863 3708 Sicut
904 3661 1103 3726 Auqus-

96 3737 228 3785 tinus
255 3737 414 3799 docet,
448 3740 506 3787 in
533 3739 809 3806 hujusmodi
825 3744 1102 3806 quoestioni-

1182 2526 1270 2574 bus
1296 2527 1390 2575 duo
1408 2536 1522 2575 sunt
1538 2527 1854 2575 observanda.
1887 2527 2062 2581 Primo
2087 2530 2199 2592 qui·

1181 2608 1287 2655 dem
1311 2617 1367 2655 ut
1390 2611 1566 2656 veritas
1608 2609 1878 2673 Scriptura?
1901 2600 2198 2657 ¹inconcusse

1183 2695 1415 2737 teneatur.
1444 2690 1663 2737 Secundo
1681 2726 1694 2750 7
1717 2707 1827 2737 cum
1845 2687 2101 2754 Scriptura
2121 2690 2199 2736 di-

1180 2772 1298 2818 vina
1315 2769 1647 2835 multipliciter
1666 2773 1844 2835 exponi
1859 2772 2018 2836 possit
2033 2808 2046 2831 7
2074 2770 2200 2834 quo‘d

1183 2851 1310 2898 nulli
1337 2854 1629 2917 expositioni
1672 2852 1853 2916 aliquis
1891 2855 1964 2900 ita
1998 2855 2202 2918 praecise

1181 2933 1439 2994 inhoereat,
1471 2933 1599 2997 quod
1636 2935 1683 2980 si
1717 2942 1844 2981 certa
1873 2936 2059 2982 ratione
2083 2950 2198 2982 con—

1179 3015 1355 3061 stiterit
1382 3013 1470 3062 hoc
1497 3030 1594 3062 csse
1611 3013 1795 3078 falsum
1812 3050 1828 3076 7
1857 3015 1983 3079 quod
2018 3014 2198 3079 aliquis

1180 3112 1371 3143 sensum
1388 3093 1657 3161 Scripturae
1675 3113 1773 3144 esse
1789 3113 1994 3144 asserere
2002 3113 2196 3163 proesu-

1179 3186 1280 3224 mat
1293 3198 1313 3234 ;
1343 3193 1402 3224 ne
1438 3176 1693 3243 Scriptura
1732 3194 1790 3225 ea·
1828 3178 1914 3226 hoc
1954 3179 2094 3226 verbo
2135 3179 2195 3226 ab

1178 3257 1454 3320 infidelibus
1498 3259 1774 3306 derideatur
1796 3297 1809 3319 7
1840 3268 1885 3306 et
1920 3277 1980 3307 ne
2011 3262 2081 3307 eis
2116 3262 2198 3308 via

1179 3338 1416 3387 credendi
1447 3339 1792 3405 praecludatur.
1833 3340 1933 3388 Hoc
1979 3341 2196 3405 prudenti

1178 3421 1367 3468 consilio
1389 3457 1402 3481 7
1431 3439 1524 3486 quo
1554 3422 1642 3469 hac.
1667 3430 1794 3470 aetate
1822 3432 1978 3469 nostra
2017 3423 2193 3486 potissi·

1178 3518 1309 3549 mum
1337 3520 1452 3566 opus
1493 3511 1560 3550 est
1580 3539 1594 3562 7
1626 3512 1838 3562 utentes,
1875 3501 2077 3566 theologi
2109 3519 2196 3550 nec

1176 3599 1271 3630 sese
1315 3599 1401 3631 nec
1443 3584 1713 3647 religionem
1749 3589 1894 3648 ipsam
1924 3583 2186 3632 incredulo-

1176 3679 1280 3710 rum
1306 3664 1473 3712 ictibus
1499 3667 1806 3728 committent.
