2580 4152
2085 184 2198 243 143

493 203 646 240 PAR'r.
692 203 778 239 111.
825 201 946 238 GAP.
995 201 1037 238 1.
1087 203 1154 241 DE
1198 198 1428 240 HOMINIS
1472 202 1800 242 CREATIONE.

187 349 327 408 288.
364 351 538 406 Porro
558 391 575 418 a
607 345 714 404 etsi
745 343 888 402 circa
930 339 1555 425 quaestiones‘physicas
1576 388 1592 417 ,
1637 353 1810 424 prout
1840 343 1901 400 in
1939 363 1998 401 se
2033 356 2198 418 sunt',

109 444 442 503 indifferens
461 439 700 509 Ecclesia
726 439 799 496 sit
820 484 835 512 7
860 460 980 497 non
997 439 1075 497 ita
1097 450 1295 497 tamen
1317 460 1376 498 se
1397 437 1578 496 habet
1597 482 1612 512 .,
1637 436 1871 518 quando
1898 457 2031 495 cum
2063 437 2198 497 fidei

104 535 467 618 dogmatibus
495 534 731 593 adnexae
759 532 874 592 illae
910 534 1253 614 quaestiones
1290 544 1462 606 sunt7
1508 531 1601 590 vel
1633 531 1931 611 attingunt
1967 531 2202 612 religioe

105 634 194 691 nis
235 629 618 689 substantiam
637 629 757 689 sive
787 630 1044 687 absolute
1075 628 1195 687 sive
1226 628 1603 706 hypothetice.

185 725 325 783 289.
373 726 505 782 Jam
545 744 684 784 vero
729 744 1068 804 persuasum
1128 733 1252 780 erat
1297 721 1566 780 omnibus
1614 732 1741 780 tum
1790 723 1846 780 S.
1901 721 2202 800 Augustini

105 829 231 875 tum
268 817 556 876 Zachariae
599 827 801 890 aetate,
848 837 1129 874 oceanum
1173 837 1294 874 non
1324 816 1579 896 potuisse
1619 816 2001 887 transmeari3
2040 817 2201 876 unde

105 911 312 986 fiebat,
345 923 410 970 ut
431 957 446 986 7
474 913 572 993 qui
609 911 974 970 existentiam
1010 909 1354 991 antipodum
1387 909 1755 968 adstruerent
1782 955 1797 983 a
1837 931 1903 968 eo
1928 911 2052 990 ipso
2092 911 2202 969 do·-

104 1018 302 1065 cerent
338 1007 580 1065 existere
629 1005 897 1063 homines
929 1026 1111 1083 super
1147 1015 1389 1062 terram.
1415 1001 1503 1080 (l)
1534 1047 1550 1075 ,
1597 1004 1697 1083 qui
1738 1025 1858 1061 non
1898 1016 2094 1062 essent
2127 1004 2201 1063 ab

107 1100 326 1159 Adamo
365 1147 381 1174 .,
429 1122 604 1180 quam
662 1111 858 1168 tamen
909 1098 1262 1157 sententiam
1320 1095 1598 1156 catholica
1645 1096 1907 1155 doctrina
1957 1100 2199 1179 respuit.

105 1195 272 1253 Unde
298 1195 524 1273 negatio
551 1186 895 1273 antipodum
935 1192 1169 1249 nonnisi
1196 1192 1599 1263 conditionata
1641 1201 1755 1263 est,
1800 1191 2081 1250 nimirum
2107 1242 2123 1270 7
2155 1194 2202 1252 si

105 1299 298 1348 vastus
346 1308 589 1346 oceanus
639 1308 759 1344 non
794 1287 976 1367 possit
1013 1287 1387 1360 transmeari7
1431 1296 1491 1345 et
1513 1332 1527 1361 7
1567 1284 1724 1365 quod
1754 1285 1891 1344 hinc
1925 1287 2200 1367 profluit,

104 1383 150 1440 si
177 1380 477 1463 antipodes
507 1379 580 1438 ab
621 1380 840 1439 A‘damo
867 1402 989 1439 non
1026 1380 1353 1462 procedunt
1374 1426 1390 1454 ‚
1438 1401 1560 1437 non
1605 1379 1879 1438 existunt.
1914 1382 2076 1439 Hanc
2098 1381 2204 1461 hy·

103 1475 456 1557 potheticam
483 1473 828 1555 antipodum
851 1475 1220 1553 negationem
1263 1475 1386 1556 ipsa
1422 1473 1644 1551 objecta
1683 1475 1979 1554 Augustini
2023 1475 2203 1536 Verba

102 1581 300 1650 aperte
336 1569 770 1643 demonstrant,
798 1580 856 1627 et
884 1570 1191 1627 confirmat
1224 1569 1512 1627 Zachariae
1539 1566 1789 1627 clausula
1821 1592 1834 1627 ε
1876 1571 1964 1628 Ec
1995 1572 2206 1630 subtili

103 1666 483 1744 indagatione
516 1667 838 1741 requisitus
855 1708 870 1737 .,
899 1667 955 1721 si
980 1685 1258 1722 erro-neus
1280 1667 1476 1742 fueret
1495 1669 1775 1722 inventus
1798 1665 1921 1745 (2);
1953 1675 2020 1723 ut
2045 1666 2205 1724 enim.

103 1760 343 1818 sciretur
363 1804 378 1832 .,
409 1780 484 1816 an
516 1757 782 1837 Virgilius
822 1758 1038 1839 (quem
1071 1758 1341 1816 nonnulli
1369 1779 1678 1840 perperam
1715 1780 1848 1818 cum
1886 1760 1942 1817 S.
1971 1759 2203 1838 Virgilio

169 2018 229 2081 (l)
262 2016 368 2065 Dixi
409 2032 553 2082 super
589 2024 766 2064 terram
792 2032 807 2078 3
845 2016 935 2064 hoc
976 2018 1104 2064 enim

102 2099 248 2147 solnm
275 2097 388 2146 fides
406 2099 540 2146 docet
553 2135 566 2156 ‚
588 2115 748 2145 omnes
764 2098 975 2145 homines
991 2135 1003 2156 ‚
1024 2100 1102 2162 qui

101 2198 235 2244 super
262 2190 427 2228 terram
455 2189 593 2238 sunt,
625 2179 682 2226 ab
701 2197 794 2227 uno
819 2181 969 2243 stipite
995 2196 1104 2243 pro-

102 2271 283 2326 pagatos
314 2277 425 2309 esse.
455 2259 589 2324 Quod
616 2278 721 2310 vero
740 2271 912 2325 spectat
927 2261 987 2308 ad
994 2259 1104 2326 pla·

101 2336 421 2390 macularum
446 2352 664 2407 systema,
694 2343 810 2390 nihil
836 2342 992 2407 religio
1013 2352 1105 2389 sta-

103 2426 209 2472 tuit.
232 2420 366 2470 Dans
389 2430 501 2470 cette
518 2425 729 2473 muniere
743 2461 755 2482 ‚
775 2427 975 2488 apposite
993 2427 1105 2471 scri-

102 2505 172 2552 bit
190 2505 224 2551 F
228 2508 490 2569 rayssinous
503 2540 518 2564 ,
539 2506 663 2552 conf.
682 2507 781 2563 cit„
800 2503 864 2551 lea
879 2495 1106 2569 opinions

100 2595 205 2634 sont
228 2585 368 2633 lib-res
385 2604 406 2647 ,·
436 2603 555 2633 nous
572 2602 631 2632 ne
653 2584 918 2650 disonepas
935 2602 1024 2649 que
1043 2585 1107 2632 les

101 2676 248 2716 astrea
282 2676 389 2714 sont
416 2666 612 2732 peuples
648 2659 917 2729 &hommes
933 2683 1108 2714 comme

104 2765 223 2797 nous
242 2786 255 2808 ‚
292 2765 412 2796 nous
452 2748 563 2796 n’en
593 2765 764 2796 eavons
805 2750 914 2795 rien
927 2769 945 2806 ;
984 2751 1108 2796 mais

109 2830 234 2892 enfin
275 2846 390 2877 vous
424 2829 661 2895 paraZt-il
706 2834 896 2893 etranqe
930 2847 1019 2894 que
1061 2830 1128 2877 la'

110 2916 245 2968 terre,
271 2914 357 2974 qui
370 2912 485 2958 n'est
512 2913 659 2975 qn’un
671 2914 817 2976 point
840 2911 962 2959 dans
983 2911 1107 2958 l’im-

112 2992 331 3048 monente,
354 2994 444 3040 soit
470 2993 595 3040 seule
627 2992 810 3040 habitee
826 3029 843 3054 ,
877 3001 1030 3057 etque
1067 2993 1108 3041 le

112 3078 229 3117 reste
246 3071 302 3117 de
329 3071 551 3121 l’univera
576 3091 636 3122 ne
666 3076 758 3123 soit
783 3074 958 3139 qu'une
981 3082 1109 3122 vaste

113 3150 349 3200 solitudo?
377 3154 835 3204 Aimez-oous'dana
867 3155 909 3203 le
947 3155 1080 3204 soleil
1091 3191 1106 3216 ,

114 3233 235 3280 dane
265 3233 310 3281 la
339 3233 448 3282 lune
466 3273 480 3295 ‚
503 3236 626 3284 dans
653 3238 717 3285 les
735 3237 950 3304 planetes
982 3247 1024 3285 et
1047 3238 1112 3286 les

115 3315 306 3362 mondes
325 3314 481 3363 etoilea
492 3316 572 3365 dee
589 3323 823 3368 creaturea
845 3319 1113 3384 intelligen-

115 3405 181 3443 tes
193 3432 209 3457 ,
239 3396 455 3461 capablee
473 3397 528 3445 de
555 3403 803 3449 connaitre
825 3410 869 3448 et
889 3401 945 3449 de
967 3400 1113 3466 qlori-

110 3477 201 3540 fier
230 3476 269 3524 Ie
306 3477 564 3527 Createur?
586 3480 661 3529 La
691 3481 892 3547 reliqion
919 3499 978 3529 ne
1001 3499 1115 3530 vous

79 3572 82 3574 ·
116 3557 283 3622 defend
303 3576 396 3624 pas
424 3559 726 3610 d’embrasser
751 3572 863 3612 cette
896 3565 1112 3629 opinion.

112 3637 182 3687 La
205 3640 413 3704 plui-alite
435 3641 515 3691 des
544 3644 731 3693 mundes
757 3644 814 3692 de
840 3643 1116 3693 Fontenelle

1177 2024 1298 2081 peut
1307 2015 1417 2063 bien
1426 2014 1727 2080 n’etre'qu’un
1741 2017 2002 2080 inqenieuoe
2012 2033 2200 2078 roman,

1186 2099 1312 2145 mais
1337 2114 1453 2145 vous
1471 2100 1562 2145 etes
1583 2096 1724 2145 libres
1743 2097 1823 2161 d’y
1847 2099 1952 2145 voir
1973 2115 2069 2145 une
2098 2103 2206 2147 rea·

1187 2178 1286 2227 lite.
1321 2179 1416 2227 cfr.
1448 2182 1583 2227 etiam
1609 2179 1810 2228 Nicola'i.
1842 2179 1961 2228 Lez.
2002 2195 2092 2240 ιο,
2129 2180 2208 2228 sul

1192 2258 1366 2309 Genea.

1259 2342 1324 2406 (2)
1349 2341 1417 2390 Ita
1449 2359 1494 2390 se
1523 2341 1663 2390 habet
1692 2344 1867 2407 integer
1890 2353 2039 2390 textus
2066 2345 2202 2407 epist.

1189 2424 1413 2472 Bonifacii
1427 2426 1475 2470 in
1490 2426 1563 2483 iis,
1586 2441 1687 2489 quae
1699 2424 1758 2471 ad
1771 2434 2036 2488 praesentem
2055 2441 2205 2490 quaes-

1189 2508 1360 2553 tionem
1393 2514 1601 2569 spectant
1633 2522 1647 2553 ε
1679 2504 1758 2552 De
1779 2522 2008 2570 perversa
2041 2514 2205 2553 autem

1189 2594 1233 2632 et
1250 2587 1422 2649 iniqua
1438 2585 1658 2633 doctrina
1668 2620 1682 2644 ‚
1700 2602 1845 2649 quam
1860 2595 2025 2634 contra
2038 2586 2206 2634 Deum

1190 2675 1233 2714 et
1259 2668 1476 2714 animam
1493 2683 1631 2714 suam
1649 2666 1830 2714 locutus
1850 2676 1918 2715 eat
1931 2666 2202 2731 (Virgilius),

1190 2749 1237 2794 si
1266 2747 1583 2811 clarificatum
1609 2748 1792 2811 fuerit,
1825 2751 1895 2796 ita
1924 2767 2033 2798 eum
2066 2751 2206 2814 confi-

1191 2831 1311 2888 teri,
1340 2829 1465 2893 qnod
1495 2829 1611 2877 alius
1643 2830 1845 2878 mundus
1872 2841 1917 2879 et
1946 2832 2023 2880 alii
2051 2832 2206 2879 homi-

1192 2929 1271 2959 nes
1286 2911 1515 2958 subterra
1531 2913 1632 2958 sint
1647 2948 1660 2970 ‚
1680 2910 1810 2958 hunc
1833 2915 1984 2960 accito
2002 2912 2206 2960 consilio

1192 2992 1251 3040 ab
1267 2991 1460 3040 ecclesia
1471 2991 1613 3057 pelle,
1632 2992 1888 3040 sacerdotii
1903 2993 2076 3042 honore
2093 2996 2206 3059 pri-

1192 3082 1375 3122 vatum.
1393 3074 1622 3122 Attamen
1642 3083 1687 3121 et
1711 3091 1797 3122 nos
1813 3074 2066 3123 scribentes
2075 3092 2207 3141 proe-

1194 3156 1317 3204 dicto
1339 3155 1457 3203 duci
1476 3157 1763 3204 evocatorias
1782 3156 1837 3203 de
1858 3159 2207 3221 praenominato

1202 3236 1257 3284 V
1254 3236 1416 3301 irqilio
1451 3239 1688 3285 mittimus
1725 3236 1904 3286 litteras
1923 3275 1936 3298 ,
1980 3246 2035 3285 ut
2067 3238 2208 3286 nobie

1187 3326 1506 3385 praeaentatna
1544 3326 1587 3367 et
1617 3319 1774 3367 subtili
1812 3320 2104 3385 indagatione
2130 3335 2205 3366 re-

1196 3402 1403 3465 quisitus
1420 3439 1433 3461 ‚
1459 3401 1506 3448 si
1527 3400 1752 3448 erroneae
1771 3402 1925 3465 fuerit
1951 3403 2202 3460 inventus,

1196 3483 1442 3530 canonicis
1478 3482 1809 3530 sanctionibus
1848 3481 2203 3529 condemnetur.

1198 3562 1283 3627 Ep.
1308 3565 1382 3610 cit.
1416 3581 1468 3612 n.
1491 3561 1543 3612 6.
1590 3563 1796 3628 Epistola
1824 3562 1876 3612 S.
1900 3563 2125 3611 Bonifacii
2146 3561 2205 3611 ad

1198 3644 1466 3694 Zachariam
1495 3645 1729 3712 deperdita
1761 3655 1846 3694 est.
