2580 4152
417 173 532 231 122

1080 194 1275 231 TRAGT.
1326 195 1394 230 DE
1438 194 1544 230 1)Εο
1587 195 1892 233 CREATORE.

410 341 571 395 cavit
597 336 799 395 Adam
823 355 1037 393 nomen
1083 338 1295 392 umoris
1333 355 1458 392 suae
1490 335 1627 394 Eva
1660 357 1673 392 ε
1705 357 1766 395 eo
1791 337 1953 415 quod
1979 348 2171 395 mater
2200 349 2342 396 esset
2361 361 2529 400 cunc-

409 455 599 491 Tonuu
651 435 1010 489 viventium.
1044 430 1186 500 Quae
1222 427 1464 510 quidem
1517 431 1942 489 confirmantur
1982 443 2111 489 tum
2154 454 2225 490 ex
2265 432 2416 492 libro
2437 436 2532 493 Sa-

408 528 646 612 pientiae
690 527 776 599 X7
820 526 847 582 1
887 546 899 582 ε
942 526 1092 583 Haec
1135 523 1496 606 (sapientia)
1543 528 1758 600 illum,
1811 531 1924 605 qui
1974 551 2176 587 munus
2226 530 2533 606 formatus

408 635 551 682 csta
583 623 705 680 Deo
721 631 907 700 pater
924 622 1090 680 orbis
1111 631 1419 680 terrarum
1437 664 1458 691 ,
1486 643 1627 680 cum
1657 643 1819 680 sorus
1865 634 2007 682 esset
2024 635 2260 683 creatus
2280 668 2304 696 ,
2339 636 2531 684 custo-

411 720 603 795 dicim
646 727 775 774 tum
800 734 872 775 ex
917 715 1179 797 Apostoli
1217 715 1411 777 verbis
1433 760 1454 788 ,
1492 717 1618 776 Act.
1651 716 1803 776 XVII
1823 763 1838 791 a
1867 719 1946 776 26
1971 711 2076 785 ‚sF
2077 724 2300 799 coitque
2325 742 2395 779 Ex
2420 743 2535 779 uuo

408 834 577 870 omne
604 834 798 890 yenus
837 812 1152 871 hominum
1189 813 1538 870 inhabitare
1579 834 1766 891 super
1793 821 2137 872 universam
2166 818 2392 892 faciem
2421 826 2531 873 ter-

407 931 493 967 ⁹²oe
522 909 637 988 (l).
667 909 801 967 Haec
833 919 1031 967 autem
1067 907 1218 966 clara
1255 907 1399 967 adeo
1428 930 1492 967 ac
1520 909 1825 990 perspicua
1859 920 1996 967 sunt
2018 953 2033 983 ‚
2074 920 2140 967 ut
2168 909 2393 969 nullam
2427 931 2530 970 ex-

407 1005 739 1088 ceptionem
771 1004 1109 1063 admittant.

486 1100 629 1160 248.
679 1101 782 1160 His
825 1121 966 1161 vero
1000 1101 1048 1158 si
1099 1099 1334 1158 accedat
1382 1122 1585 1159 sensus
1630 1099 2017 1159 traditionalis
2056 1099 2438 1160 Hebraeorum
2469 1113 2529 1161 et

407 1195 874 1255 Christianorum
893 1241 908 1269 ,
950 1196 1051 1276 qui
1078 1207 1351 1254 constans
1380 1207 1438 1254 et
1462 1196 1805 1256 universalis
1837 1208 1952 1261 est,
1980 1218 2045 1255 ac
2074 1195 2284 1276 dogma
2313 1219 2529 1279 propa-

406 1293 652 1371 gationis
681 1291 972 1372 originalis
1004 1311 1170 1350 noxae
1198 1292 1258 1349 in
1296 1291 1565 1352 homines
1606 1292 1898 1373 singulos,
1943 1291 2101 1374 quod
2153 1315 2418 1375 semper,
2463 1304 2531 1351 ut

405 1387 782 1447 ostendemus
803 1432 820 1461 .,
871 1386 1116 1446 Ecclesia
1147 1388 1404 1469 professa
1434 1399 1523 1447 est
1548 1434 1563 1462 ,
1594 1389 1868 1470 quodque
1900 1389 2034 1449 huic
2059 1391 2205 1450 facto
2229 1391 2523 1463 innititur7

404 1483 602 1543 nullus
626 1482 827 1542 subest
860 1481 1173 1541 dubitandi
1202 1483 1381 1542 locus.

487 1572 629 1638 249.
681 1579 852 1652 Quod
897 1589 1096 1638 autem
1152 1580 1367 1638 attinet
1403 1578 1479 1637 ad
1528 1579 1889 1639 adversarios
1933 1592 2152 1640 ceteros
2183 1626 2199 1654 ‚
2246 1581 2347 1663 qui
2394 1580 2529 1639 abo-

405 1677 630 1756 rigenes
678 1697 780 1734 seu
817 1673 1245 1734 autochthonas
1281 1673 1529 1757 populos
1569 1675 1894 1750 inducunt,
1926 1676 2021 1736 vel
2057 1678 2167 1759 ipsi
2209 1700 2240 1736 a
2273 1680 2393 1736 Deo
2420 1676 2527 1736 hos

403 1773 671 1832 homines
698 1794 796 1832 seu
822 1773 1040 1853 primos
1063 1783 1354 1831 terrarum
1379 1771 1595 1830 incolas
1613 1771 1875 1831 conditos
1899 1772 2246 1846 admittunt,
2268 1773 2361 1831 vel
2378 1795 2523 1845 non3

404 1869 465 1927 in
518 1881 766 1950 utraque
818 1867 1135 1950 hypothesi
1186 1866 1419 1926 difficile
1478 1889 1599 1925 non
1657 1879 1764 1942 esta
1821 1889 1917 1926 eos
1967 1868 2178 1927 erroris
2211 1889 2471 1947 arguere.

485 1965 628 2024 250.
678 1965 911 2024 Etenim
940 1966 1001 2022 10
1029 1963 1307 2024 adversus
1346 1984 1442 2022 eos
1475 1974 1635 2022 stant
1675 1984 1878 2022 omnes
1914 1965 2172 2045 antiquae
2211 1962 2527 2046 anthropo-

404 2061 613 2141 goniae7
642 2083 784 2142 quas
804 2059 973 2119 nobis
998 2060 1122 2121 sive
1144 2065 1334 2141 poetae
1349 2059 1470 2119 sive
1489 2058 1749 2117 historici
1778 2070 2088 2117 servarunt
2108 2105 2123 2132 7
2140 2080 2270 2140 quae
2288 2080 2524 2140 prorsus

408 2156 712 2215 collimant
757 2178 891 2215 cum
936 2156 1404 2237 anthropogonia
1456 2159 1739 2214 mosaica.
1809 2155 2253 2214 Sanchuniaton
2311 2155 2470 2213 enim
2508 2200 2524 2229 ⁷

404 2257 564 2332 cujus
603 2252 859 2312 historiae
896 2252 1292 2332 fragmentum
1327 2249 1495 2310 nobis
1528 2251 1851 2310 transmisit
1886 2249 2161 2310 Eusebius
2183 2248 2278 2330 (2)
2301 2295 2316 2324 ‚
2348 2249 2530 2308 refert

473 2457 536 2522 (l)
573 2454 785 2511 Ἐποίησέ
814 2478 864 2506 τε
902 2457 949 2517 ἐξ
983 2452 1070 2505 iucif
1100 2457 1303 2519 αἵματος
1328 2463 1418 2504 πᾶν

405 2539 533 2590 ἔθνος
575 2538 820 2608 ἐνθ’ςῶπων
855 2542 1081 2591 κατοικεῖν
1116 2539 1189 2589 ἐπὶ
1227 2549 1317 2591 wazu
1366 2538 1418 2588 ‘to‘

406 2623 638 2692 vrgia-&vor
665 2632 747 2680 τῆς
775 2632 884 2683 γῆς.

473 2708 540 2771 (2)
577 2708 745 2773 Proep.
785 2723 952 2771 evanq.
984 2706 1067 2754 lib.
1100 2722 1118 2752 1
1139 2743 1151 2763 ‚
1182 2723 1283 2770 cap.
1322 2721 1379 2752 ιο
1402 2741 1415 2764 ,

403 2792 515 2840 edit.
551 2791 738 2854 vigeri,
774 2808 826 2838 ex
857 2791 1065 2837 versione
1101 2789 1306 2837 Philonis
1340 2787 1419 2835 Bi-

404 2872 520 2933 blii,
553 2875 633 2936 qui
664 2883 812 2920 totum
830 2889 945 2936 opus
959 2868 1349 2920 Sanchuniatonis
1364 2886 1417 2917 ex

404 2951 563 3018 lingua
585 2955 808 3019 phaenicia
835 2956 885 3001 in
914 2972 1099 3018 graecam
1119 2953 1419 3000 transtulitac

402 3037 454 3083 in
469 3053 635 3084 novem
652 3036 792 3084 libros
803 3036 1051 3083 distribuit.
1069 3034 1214 3101 Cujus
1228 3034 1418 3099 quidem

404 3115 793 3165 Sanchuniatonis
831 3121 979 3181 operis
1015 3118 1194 3164 diversa
1231 3118 1418 3164 exstite-

405 3212 514 3249 runt
544 3204 807 3250 criticorum
844 3202 1045 3268 judicia,
1093 3220 1194 3267 quae
1221 3201 1298 3248 hio
1337 3219 1417 3248 ex-

403 3285 602 3348 pendere
620 3301 716 3332 non
744 3295 891 3333 vacat.
919 3283 1144 3332 Nonnulli
1172 3283 1282 3331 adeo
1311 3300 1418 3347 pro-

403 3369 626 3431 progressi
672 3377 810 3425 sunt,
859 3376 911 3414 ut
951 3367 1068 3414 illud
1113 3368 1419 3431 suppositium

406 3451 787 3498 existimaverint.
802 3448 861 3496 At
871 3449 1141 3514 prudentior
1156 3451 1418 3497 criticorum

404 3549 507 3595 pars
524 3550 606 3580 suo
632 3533 807 3580 auctori
823 3532 943 3579 hanc
959 3529 1193 3579 historiam
1211 3531 1417 3578 vindica-

405 3616 488 3661 vit.
517 3614 621 3662 Imo
648 3630 769 3661 anno
800 3611 923 3662 1835
956 3616 1004 3661 in
1033 3611 1268 3661 Lusitania
1295 3615 1418 3662 inte-

1502 2455 1849 2503 translationem
1870 2466 2095 2520 repertam
2126 2472 2223 2504 esse
2251 2457 2523 2504 nunciatum

1503 2538 1592 2585 fuit
1609 2574 1623 2596 ‚
1654 2556 1796 2603 quam
1816 2556 1970 2587 revera
1985 2555 2128 2603 graece
2157 2549 2200 2586 et
2231 2538 2372 2586 latine
2399 2555 2523 2585 anno

1513 2617 1631 2687 1837
1651 2621 1827 2669 Bremae
1846 2620 1992 2669 edidit
2009 2619 2363 2684 F.Wagenfeld,
2381 2619 2522 2666 nullis

1503 2713 1656 2751 tamen
1672 2703 1836 2758 additis
1852 2706 1970 2751 notis
1983 2703 2056 2752 vel
2071 2701 2367 2751 vindiciis.1n
2383 2704 2521 2751 citato

1501 2788 1638 2850 igitur
1665 2787 1920 2851 fragmento
1946 2786 2141 2849 legitur:
2160 2781 2274 2839 Φησὶ
2303 2782 2521 2843 ‘ymerio--

1503 2874 1571 2917 θοιι
1588 2869 1642 2917 ἐκ
1654 2876 1734 2916 τοῦ
1748 2864 1929 2916 Kana-la
1945 2863 2105 2929 οἷνῖμου
2124 2865 2200 2916 καὶ
2217 2864 2427 2926 qumana}
2450 2868 2523 2917 οιό-

1501 2958 1584 2998 τοό
1625 2949 1746 2999 Boe‘aev
1765 2986 1777 3009 ‚
1816 2958 1943 2998 τοῦτο
1975 2946 2037 2998 δὲ
2069 2946 2210 2998 νῦκτοο
2239 2948 2486 3016 ἕξμηνιιῖεεν
2505 2989 2519 3010 ,

1505 3036 1646 3082 Αἰίᾶνοι
1676 3030 1752 3080 καὶ
1781 3029 2063 3100 Πςωτὸγονον
2093 3030 2279 3087 &rm-00¹5
2314 3030 2489 3100 ἄνδρας
2508 3070 2522 3093 ,

1501 3112 1613 3165 οὗτοι
1631 3114 1945 3178 καλουμένους.
1959 3115 2105 3183 Ειῖςεῖν
2121 3113 2180 3165 δὲ
2198 3111 2428 3166 vssnAc’oZioae
2440 3111 2519 3172 τῆν

1501 3197 1590 3249 οἷπᾶ
1606 3206 1687 3248 τῶν
1702 3192 1906 3266 ὃένδζων
1920 3196 2111 3266 τςοφῆν,
2130 3217 2231 3259 seu,
2250 3198 2328 3248 Ea?
2341 3198 2520 3265 Kolpia

1501 3292 1637 3331 vento
1667 3290 1807 3346 atque
1843 3284 1945 3347 ejus
1976 3298 2123 3329 uxore
2154 3281 2303 3330 Baau
2322 3317 2340 3344 ,
2374 3297 2520 3345 quam

1501 3373 1681 3414 noctem
1698 3363 1879 3428 (Graeci)
1898 3366 2276 3430 interpretantur
2291 3401 2305 3424 ‚
2330 3363 2519 3412 AEvum

1500 3463 1557 3495 ac
1603 3446 1995 3510 Primoqem'tum
2013 3484 2026 3507 ‚
2064 3445 2284 3495 mortales
2322 3443 2484 3493 ambos
2504 3480 2518 3502 ‚

1493 3538 1784 3595 proc-reatos,
1796 3529 2076 3594 AEvumque
2089 3529 2189 3576 cibi
2198 3544 2256 3577 em
2269 3525 2520 3575 arboribus

1493 3611 1693 3677 petendi
1703 3620 1938 3659 auctorem
1947 3612 2118 3675 fuisse.
2136 3610 2353 3658 Eruditus
2365 3617 2517 3656 autem

406 3711 533 3756 gram
564 3696 767 3744 Philonis
807 3713 998 3761 graecam
1038 3694 1423 3744 Sanchuniatonis
1506 3694 1541 3741 F
1545 3704 1759 3743 ourmont
1777 3696 1926 3742 senior
1944 3732 1956 3755 ‚
1976 3696 2023 3741 in
2041 3691 2407 3758 op.Refle.vions
2435 3705 2521 3736 sur
