2580 4152
2111 186 2222 244 139

514 215 674 254 PART.
722 215 808 252 ΠΙ.
853 213 978 250 CAP.
1026 213 1067 248 1.
1120 204 1464 248 nunonums
1506 208 1831 246 GREATIONE.

129 380 249 416 non
293 358 371 415 ita
407 354 694 435 (1).Hinc
745 353 986 431 emergit
1027 352 1322 411 distinctio
1365 350 1521 432 apud
1542 348 1904 432 physiologos
1948 357 2175 427 recepta
2205 393 2221 422 .,

130 463 194 509 ut
247 470 424 530 genus
475 447 799 505 humanum
851 446 1204 527 dispescatur
1251 446 1313 503 in
1346 445 1539 526 plures
1584 455 1684 502 aut
1734 442 2027 522 pauciores
2071 445 2223 518 ejus-

128 545 288 604 modi
318 543 621 603 varietates
670 551 1000 599 constantes
1033 585 1049 615 ,
1094 539 1227 598 licet
1258 538 1640 598 accidentales
1672 539 1791 616 (2),
1837 558 1978 618 quas
2013 534 2224 594 adver-

118 639 262 697 xsarii
276 637 457 695 nostri
480 635 700 694 vellent
725 634 969 693 totidem
991 634 1341 692 constituere
1360 635 1582 713 generis
1595 632 1837 691 humani
1858 631 2071 712 species
2094 651 2227 688 con-

130 746 218 791 tra
243 732 435 790 omnia
451 731 696 789 scientiae
708 730 1013 811 principia,
1033 739 1100 786 ut
1117 727 1337 787 dictum
1367 739 1475 802 est7
1497 749 1625 809 quae
1650 727 1968 787 necessario
1993 725 2227 783 nonnisi

128 848 312 884 unum
360 824 728 903 originarium
779 844 843 882 ac
880 822 1147 881 omnibus
1183 843 1552 881 communem
1587 822 1847 901 stipitem
1887 830 2223 901 exposcunt.

114 988 118 997 Ι
210 919 349 978 282.
387 918 517 996 Obj.
540 919 731 976 tertio.
747 919 928 976 Unico
952 928 1011 975 et
1024 918 1320 976 communi
1344 917 1550 998 speciei
1571 916 1840 974 liumanae
1864 916 2062 996 stipite
2079 936 2221 974 con-

133 1016 335 1073 stituto
354 1059 370 1090 ,
413 1015 474 1071 1Ο
499 1014 644 1071 ratio
677 1012 802 1070 dari
824 1034 944 1070 non
977 1022 1171 1093 potest
1207 1011 1279 1070 de
1305 1009 1627 1069 insularum
1660 1011 1829 1088 longe
1856 1009 2188 1068 dissitarum
2210 1053 2226 1082 ,

132 1110 198 1166 20
226 1108 544 1190 praesertim
565 1128 704 1166 vero
727 1106 1026 1186 utriusque
1052 1105 1325 1164 Americae
1350 1102 1582 1176 incolis;
1606 1124 1740 1161 cum
1763 1103 1954 1162 media
1973 1149 1989 1178 ,
2022 1103 2231 1184 quibus

134 1201 365 1260 aliunde
393 1201 529 1259 illuc
555 1199 918 1282 appellerent
940 1244 955 1272 .,
985 1199 1123 1279 ipsis
1153 1198 1315 1255 nulla
1341 1208 1740 1279 suppeterent.
1771 1197 1836 1255 30
1864 1198 2011 1255 Hinc
2038 1218 2104 1256 ea
2134 1219 2231 1255 ra·-

134 1297 290 1355 tione
307 1341 322 1369 ,
349 1301 462 1376 qua
487 1294 803 1352 animantia
831 1304 1017 1351 cetera
1037 1337 1052 1366 ,
1086 1312 1214 1373 quae
1236 1293 1299 1349 in
1324 1291 1630 1350 hominum
1652 1291 1969 1351 utilitatem
1997 1291 2230 1350 condita

134 1401 293 1463 sunt,
318 1389 378 1447 in
403 1388 643 1449 diversis
667 1387 820 1446 orbis
839 1386 1126 1469 partibuS,
1149 1398 1326 1468 prout
1341 1387 1601 1467 ipsorum
1625 1387 1738 1446 fert
1755 1397 1987 1460 natura,
2016 1387 2233 1446 creavit
2284 1387 2287 1390 ’

134 1488 320 1558 Deus3
351 1485 429 1542 sic
456 1483 604 1541 nihil
632 1494 820 1559 vetat,
867 1483 1177 1564 quominus
1217 1482 1472 1541 dicamus
1517 1482 1655 1541 alios
1691 1493 1750 1541 et
1780 1482 1922 1540 alios
1963 1481 2231 1541 homines

135 1580 339 1639 saltem
387 1602 492 1661 pro
528 1580 816 1638 constanti
855 1600 1056 1637 eorum
1079 1578 1356 1638 varietate
1378 1624 1394 1652 ,
1433 1600 1465 1637 a
1500 1581 1619 1637 Deo
1648 1578 1910 1637 conditos
1938 1599 2080 1637 esse.
2113 1580 2234 1636 Hoc

136 1677 292 1735 enim
317 1675 504 1757 posito
527 1720 542 1749 ,
575 1696 696 1733 non
727 1673 914 1732 solum
939 1672 1301 1755 explicantur
1320 1718 1334 1742 .,
1367 1694 1495 1754 quae
1530 1672 1603 1732 de
1629 1672 1915 1752 indigenis
1936 1718 1952 1747 ,
1987 1672 2232 1732 autoch-

135 1841 184 1888 η’
202 1837 389 1886 videtur
418 1853 476 1884 ex
498 1837 748 1884 adustione
777 1836 999 1900 qelatinoe
1031 1853 1136 1900 quoe

130 1937 249 1987 pars
252 1920 506 1985 proecipua
516 1927 598 1980 est,
614 1919 823 1983 eorporis
839 1908 1133 1982 Malpiq'hii.

205 2003 264 2066 (l)
297 2002 363 2049 Ita
393 2001 711 2049 Blumenbach
736 2018 813 2064 op.
842 2003 923 2048 cit.
943 2010 1052 2048 sect.
1079 2015 1107 2046 2
1124 2038 1136 2060 ,

137 2083 164 2150 §
202 2081 290 2146 14,
330 2093 374 2131 et
411 2082 606 2141 Cuvier‚
645 2081 715 2128 Le
748 2082 887 2145 reque
920 2080 1136 2138 animal,

135 2165 162 2231 §
179 2164 237 2212 V
228 2167 398 2214 arietes
411 2165 466 2212 de
479 2162 669 2230 l’espece
679 2162 924 2222 humaine,
931 2176 1040 2227 pag.
1058 2160 1140 2229 94.

203 2246 269 2310 (2)
300 2246 498 2306 Cuvier,
529 2247 620 2294 loc.
649 2263 799 2310 nuper
832 2247 912 2293 cit.
943 2245 1143 2292 admittit

136 2335 225 2375 tres
261 2329 494 2376 varietates
534 2338 822 2387 constantes,
868 2326 1026 2373 albam
1060 2343 1140 2374 seu

136 2410 433 2457 caucasiorum
452 2445 466 2468 ,
493 2410 684 2472 niqram
705 2425 783 2457 seu
808 2408 1138 2473 oethiopicam,

130 2489 308 2553 flavam
340 2507 419 2537 seu
448 2488 776 2552 monqolicam.
806 2489 876 2537 De
909 2488 1140 2553 Lacepede

136 2569 208 2617 his
218 2568 331 2618 duas
348 2581 558 2634 praeterea
575 2570 720 2628 addit,
736 2587 902 2634 nempe
915 2586 1140 2634 cupream

136 2642 214 2699 seu
242 2653 566 2699 amerit-anam
593 2661 636 2698 et
661 2650 1009 2715 hyperboriam.
1026 2650 1136 2698 Blu-

136 2732 363 2780 menbach
380 2735 548 2797 pariter
563 2735 769 2797 quinque
789 2733 986 2779 admittit
1003 2748 1018 2793 3
1038 2731 1138 2779 Du-

138 2811 271 2862 meril
314 2816 362 2861 in
398 2831 531 2878 opere
569 2811 794 2877 Zooloqie
831 2811 1134 2876 analyeique,

139 2911 214 2941 sex
243 2911 334 2942 esse
375 2894 643 2957 contendit3
677 2894 813 2958 Virey
850 2897 1019 2959 pariter
1064 2911 1139 2941 sex

144 2977 382 3038 agnoscit;
434 2978 549 3041 quin
591 2978 719 3033 imo,
766 2993 872 3023 cum
914 2975 1140 3023 divisisset

141 3071 282 3117 genus
297 3056 553 3104 humanum
571 3059 620 3104 in
635 3058 748 3104 duas
765 3059 934 3121 species
947 3094 960 3117 ‚
985 3067 1139 3122 postea

143 3141 342 3199 quatuor
386 3140 618 3186 varietates
645 3148 903 3186 constantes
941 3139 1141 3186 admittit

143 3213 229 3262 sub
258 3219 402 3279 prima
428 3221 574 3282 specie
591 3254 608 3279 ‚
643 3229 688 3267 et
714 3219 828 3270 duas
859 3219 944 3267 sub
979 3220 1136 3268 altera.

144 3295 293 3345 Prima
324 3300 492 3363 species
516 3302 642 3365 juxta
669 3303 819 3365 ipsum
850 3303 1141 3348 constituitur

145 3372 311 3440 angulo
362 3380 509 3427 faciali
555 3382 779 3445 graduum
838 3379 902 3430 85
936 3399 949 3444 3
1001 3382 1140 3430 altera

144 3460 490 3522 comprehendit
522 3478 595 3509 eos
623 3479 818 3528 quorum
853 3464 1045 3528 angulus
1071 3465 1141 3511 fa-

145 3539 271 3586 cialis
302 3551 368 3587 est
397 3543 514 3589 inter
544 3543 733 3605 gradum
767 3541 832 3591 80
864 3554 909 3592 et
935 3543 1020 3593 85.
1050 3543 1141 3592 Sed

146 3622 315 3683 species
323 3624 340 3686 j
350 3631 454 3669 uxta
481 3624 631 3686 ipsum
646 3624 846 3688 designat
859 3626 1008 3674 solum
1023 3627 1146 3674 divi-

146 3702 322 3748 sionem
350 3705 639 3766 primariam,
668 3715 720 3754 ut
747 3707 921 3755 dictum
950 3718 1015 3756 est
1035 3746 1048 3769 ‚
1068 3726 1146 3757 va-

1225 1839 1360 1885 rietas
1375 1846 1586 1885 constans
1602 1837 1874 1885 divisionem
1895 1837 2231 1886 secundariam.

1225 1918 1300 1967 Cl.
1335 1918 1551 1979 Martini,
1584 1919 1671 1966 loc.
1707 1921 1783 1966 cit.
1805 1936 1910 1983 pag.
1937 1918 2034 1966 300
2053 1955 2067 1978 ,
2088 1921 2234 1982 posito

1226 1999 1621 2048 discrimineinter
1635 2003 1900 2058 varietatem
1917 2009 2202 2048 constantem
2217 2037 2231 2059 ‚

1226 2081 1613 2129 modificationem
1654 2119 1666 2141 ,
1729 2082 2122 2146 degenerationem
2184 2098 2235 2128 ac

1224 2163 1440 2211 morbum
1473 2201 1486 2222 ‚
1537 2165 1694 2211 statuit
1735 2181 1876 2210 unam
1918 2173 2101 2210 tantum
2139 2179 2235 2210 esse

1222 2248 1564 2310 generationem
1594 2247 1870 2310 primitivam
1892 2280 1906 2303 ‚
1932 2262 2028 2292 non
2046 2245 2200 2309 plures
2217 2281 2231 2303 ,

1222 2326 1303 2375 sed
1329 2326 1483 2374 solum
1507 2328 1655 2375 varias
1686 2326 2051 2374 modificationes
2078 2343 2236 2373 secun-

1221 2408 1404 2470 darias3
1434 2409 1548 2456 duas
1580 2426 1675 2456 esse
1706 2408 1972 2455 albinorum
1999 2409 2235 2456 varietates

1221 2490 1455 2538 distinctas
1473 2527 1486 2549 ,
1503 2508 1701 2555 quarum
1723 2491 1861 2537 altera
1877 2492 2067 2554 spectari
2085 2500 2234 2554 potest

1220 2581 1271 2618 ut
1319 2569 1467 2618 morbi
1505 2573 1614 2619 vitio
1662 2571 1855 2635 affecta3
1903 2571 2233 2619 cretinisnmm

1221 2668 1317 2698 non
1346 2655 1620 2700 constituere
1642 2654 1837 2715 speciem
1859 2670 2010 2716 neque
2037 2653 2233 2716 degene-

1222 2734 1444 2779 rationem
1486 2734 1741 2797 generalem
1771 2770 1783 2792 ,
1825 2734 1903 2780 sed
1946 2733 2234 2781 affectionem

1224 2812 1484 2861 morbosam
1508 2814 1816 2878 peculiarem,
1847 2831 1948 2879 quae
1973 2832 2141 2878 nempe
2162 2825 2231 2862 at-

1222 2895 1355 2957 tingit
1384 2912 1529 2960 pauca
1557 2906 1602 2944 et
1628 2897 1715 2944 hac
1744 2896 1847 2944 illac
1876 2896 2077 2959 dispersa
2110 2897 2235 2943 indi-

1223 2976 1378 3024 vidua.
1419 2976 1574 3039 ‚Negat
1627 2981 1892 3026 varietatem
1947 2989 2235 3025 constantem

1225 3060 1426 3120 (razza)
1461 3062 1651 3123 spectari
1679 3078 1808 3124 posse
1838 3058 1957 3107 velut
1986 3060 2235 3124 degenera-

1223 3140 1393 3187 tionem
1426 3141 1756 3189 haereditariam
1780 3178 1793 3200 ‚
1827 3159 1933 3189 cum
1960 3150 2135 3197 constet
2161 3144 2235 3187 ni-

1222 3223 1358 3283 gritas
1383 3223 1503 3286 ipsos
1520 3223 1727 3270 excultos
1745 3223 1914 3272 eisdem
1942 3224 2235 3271 facultatibus

1226 3301 1424 3366 physicis
1454 3313 1499 3355 et
1546 3304 1795 3352 moralibus
1826 3304 2105 3369 praecellere,
2130 3307 2235 3369 qui-

1223 3381 1312 3429 hus
1341 3386 1476 3432 ceteri
1504 3385 1756 3434 donantur.
1785 3384 1961 3434 Deinde
1978 3384 2235 3432 rationibus

1226 3465 1491 3513 intrinsecis
1519 3469 1715 3525 evincit,
1745 3473 1980 3531 prat-tensas
2000 3469 2235 3514 varietates

1225 3555 1482 3596 constantes
1519 3566 1616 3596 non
1641 3567 1735 3598 esse
1766 3551 1855 3597 nisi
1897 3550 2132 3597 varietates
2162 3565 2231 3595 se-

1228 3626 1485 3677 cundarias.
1506 3628 1642 3694 Quod
1663 3631 1759 3678 fuse
1778 3630 1895 3677 ibid.
1922 3631 2231 3694 prosequitur.
