2580 4152
293 238 328 294 6
943 259 1139 296 macr.
1185 259 1253 298 nr:
1298 262 1403 297 nno
1447 245 1754 301 cannonis.

286 397 507 472 latiniS,
524 419 600 457 an
618 398 858 457 demum
884 398 1080 474 simul,
1107 399 1263 481 quod
1277 401 1494 482 pariter
1515 425 1637 462 non
1662 426 1836 463 nemo
1858 406 2056 482 sentit,
2077 407 2415 468 consulatur

288 493 559 553 Petavius
601 493 709 575 (l).

376 587 474 646 10.
498 587 587 647 Ad
604 589 711 664 2¹1¹,
734 591 909 671 Resp.
931 589 994 646 10
996 633 1018 660 ,
1041 589 1191 669 Ney.
1213 611 1400 664 cons.;
1421 613 1554 651 cum
1568 595 1802 654 nonnisi
1817 618 2031 678 pravus
2049 597 2123 655 sit
2138 600 2417 658 transitus

292 705 324 741 a
362 682 603 742 nomine
643 683 717 742 ad
753 705 900 743 rem.
946 683 1291 744 Didicerunt
1330 686 1560 758 Hebraei
1596 710 1662 747 ea
1704 690 2055 770 Angelorum
2097 693 2338 751 nomina
2382 716 2415 752 a

295 778 580 839 Chaldaeis
618 779 714 840 vel
753 780 973 852 Persis3
1008 802 1142 861 ergo
1176 780 1250 840 ab
1297 783 1376 841 eis
1406 781 1738 844 didicerunt
1775 787 2126 867 Angelorum
2163 790 2419 848 existen-

297 873 476 934 tiam!
512 875 945 934 Pentateuchus
963 897 1102 935 sane
1131 877 1323 936 fuerat
1349 876 1520 957 longe
1552 890 1689 939 ante
1721 881 1968 962 scriptus
1988 928 2003 956 ,
2030 905 2207 964 quam
2231 883 2420 944 Judaei

294 971 358 1027 in
396 970 796 1051 captivitatem
837 970 1247 1051 babylonicam
1287 971 1748 1049 abducerentur3
1794 977 1955 1057 atqui
1991 979 2055 1036 in
2091 1000 2158 1038 eo
2197 981 2418 1056 MoseS,

295 1075 362 1122 ut
395 1086 467 1124 ex
508 1064 674 1124 dictis
710 1077 873 1146 patet
895 1112 911 1141 ,
949 1066 1022 1126 de
1048 1067 1451 1149 frequentibus
1496 1070 1851 1149 Angelorum
1878 1073 2335 1154 apparitionibus
2362 1087 2423 1135 et

298 1160 495 1218 officiis
524 1159 775 1219 disserit.

384 1254 483 1313 11.
524 1257 699 1337 Resp.
733 1257 802 1314 20
821 1302 837 1332 ,
870 1256 1020 1338 Ney.
1052 1269 1243 1317 antec.
1275 1259 1434 1318 Licet
1453 1259 1614 1318 enim
1644 1271 1781 1319 ante
1810 1262 2211 1342 captivitatem
2240 1262 2430 1345 Baby—

296 1349 550 1409 lonicam
592 1350 825 1409 nullum
864 1365 1129 1412 occurrat
1170 1354 1233 1411 in
1277 1354 1465 1412 Sacris
1506 1354 1735 1413 Litteris
1776 1355 2131 1436 Angelorum
2168 1380 2425 1433 nomen,

296 1466 576 1525 negamus
603 1457 806 1506 tamen
845 1458 974 1505 tum
1011 1449 1250 1507 nomina
1275 1448 1374 1508 illa
1398 1471 1521 1509 esse
1549 1449 1888 1526 Chaldaica,
1913 1473 2048 1511 cum
2082 1464 2142 1513 et
2173 1453 2430 1514 radicem

300 1552 358 1599 et
395 1540 646 1600 formam
683 1540 1019 1602 hebraicam
1059 1543 1319 1604 habeant
1342 1590 1358 1619 ,
1397 1555 1464 1603 ut
1491 1557 1656 1626 patet
1682 1568 1755 1606 ex
1784 1568 1925 1608 voce
1957 1527 2042 1607 ‘m
2066 1548 2189 1630 (el)
2213 1553 2426 1628 fortis,

304 1699 434 1760 quae
470 1680 591 1738 Deo
635 1677 952 1756 tribuitur,
984 1692 1044 1741 et
1081 1703 1153 1741 ex
1181 1680 1467 1740 similibus
1502 1682 1840 1742 nominibus
1865 1685 2083 1766 passim
2121 1674 2281 1768 apud
2311 1688 2433 1747 He-

304 1885 407 1933 dita
434 1894 551 1933 sunt
564 1887 791 1934 universa
809 1889 867 1935 in
887 1886 1017 1936 coelis
1033 1897 1078 1936 et
1097 1889 1153 1935 in
1168 1897 1318 1947 terra,

303 1967 523 2016 visibilia
566 1977 611 2016 et
640 1969 947 2032 invisibilia,
986 1971 1087 2018 sive
1125 1970 1322 2030 throni,

307 2052 408 2119 siue
434 2041 788 2100 dominationes
806 2088 820 2110 ‚
860 2053 961 2101 sive
977 2054 1322 2120 principatus,

309 2134 410 2180 sive
440 2141 712 2197 potestates,
753 2133 942 2183 Omnia
969 2152 1062 2201 per
1085 2137 1244 2202 ipsum
1283 2143 1330 2182 et

309 2217 365 2262 in
400 2216 506 2281 ipso
533 2224 692 2264 creata
722 2225 849 2264 sunt.

379 2296 451 2361 (l)
481 2297 591 2346 Loc.
625 2301 706 2346 cit.
743 2299 828 2347 ubi
848 2337 860 2359 ‚
895 2310 1138 2365 postquam
1171 2315 1327 2348 recen-

314 2380 409 2427 suit
425 2378 614 2427 Patrum
640 2383 901 2429 testimonia
921 2418 934 2442 ,
967 2384 1047 2447 qui
1066 2383 1327 2430 alterutram

313 2464 594 2510 sententiam
640 2473 858 2523 tuentur,
903 2464 1141 2512 concludit
1171 2462 1197 2530 ς
1236 2481 1251 2510 1
1271 2480 1286 2511 1
1314 2501 1327 2522 ‚

313 2543 433 2591 nihil
484 2547 593 2592 certi
637 2548 774 2593 statui
813 2562 945 2611 posse
965 2582 979 2605 ,
1019 2562 1126 2594 cum
1167 2556 1331 2594 neutra

314 2629 540 2675 sententia
571 2630 695 2676 certa
716 2628 790 2677 vel
821 2631 1095 2677 auctoritate
1120 2628 1331 2694 Scriptu-

313 2726 374 2755 rae
401 2707 478 2757 vel
514 2712 689 2758 ratione
725 2710 986 2775 praevaleat.
1017 2710 1196 2759 Deinde
1236 2712 1332 2759 dis-

314 2787 414 2853 jicit
446 2807 548 2857 quae
581 2791 733 2840 afferri
774 2793 924 2840 solent
964 2811 1018 2842 ex
1060 2793 1139 2841 illo
1185 2792 1330 2842 Eccli.

314 2871 417 2919 loco
450 2871 583 2937 (cap.
613 2871 713 2935 18)
734 2911 748 2937 ,
777 2877 828 2922 in
855 2893 949 2941 quo
978 2876 1145 2923 dicitur
1176 2893 1189 2923 :
1230 2874 1336 2941 Qui

316 2953 438 3000 vivit
465 2955 522 3000 in
549 2962 783 3003 oeternum
803 2993 817 3015 ,
847 2958 1029 3003 creavit
1066 2959 1231 3004 omnia
1262 2958 1333 3004 si-

318 3033 449 3095 mul,
485 3045 537 3083 ut
563 3038 805 3084 evincatur
829 3037 987 3085 saltem
1015 3055 1124 3085 cum
1151 3038 1334 3102 adspec-

318 3116 447 3164 tabili
496 3117 587 3165 hoc
632 3121 847 3168 universo
889 3118 1085 3185 Angelos
1126 3121 1335 3169 conditos

320 3214 449 3260 esse3
484 3216 591 3247 cum
620 3200 678 3249 de
708 3203 764 3249 iis
795 3201 903 3250 solis
929 3204 1147 3250 creaturis
1170 3202 1337 3268 loqua-

316 3290 393 3328 tur
437 3280 780 3331 Ecclesiasticus
800 3321 813 3344 ‚
867 3301 1069 3349 quorum
1121 3288 1336 3332 meminit

320 3362 469 3411 Moses
507 3365 641 3412 initio
679 3363 909 3414 Geneseos
930 3403 942 3426 ‚
974 3368 1035 3414 ita
1063 3376 1114 3414 ut
1152 3384 1240 3415 vox
1273 3369 1335 3415 si-

321 3446 422 3494 mul
439 3453 561 3513 κοινῇ
583 3447 707 3495 idem
735 3447 814 3495 hic
839 3449 989 3496 valeat
1014 3465 1068 3496 ac
1085 3464 1145 3496 ea·
1172 3465 1331 3513 (equo,

321 3538 457 3592 prout
474 3529 637 3577 eodem
656 3547 793 3578 sensu
822 3533 1022 3579 occurrit
1048 3530 1158 3595 Sap.
1185 3548 1230 3578 Vl
1245 3569 1257 3591 ‚
1280 3529 1333 3579 8.

321 3609 439 3658 Item
470 3611 642 3676 profert·
673 3611 995 3661 Lateranensis
1030 3611 1176 3661 Conc.
1214 3630 1259 3661 ιν
1292 3624 1338 3662 et

323 3690 582 3741 Innocentii
630 3710 683 3740 111
734 3692 1016 3757 Decretum,
1069 3712 1161 3760 quo
1197 3694 1338 3742 Deus

321 3780 505 3821 creator
535 3776 751 3823 omnium
787 3775 1059 3824 visibilium
1090 3788 1133 3825 et
1159 3778 1335 3825 invisi-

1406 1885 1618 1948 biliam,
1677 1887 2016 1953 spiritualium
2046 1897 2092 1936 et
2115 1887 2439 1954 corporalium

1407 1971 1577 2019 dicitur
1595 2008 1609 2031 ‚
1643 1972 1731 2035 qui
1765 1987 1856 2019 sua
1900 1972 2222 2036 omnipotente
2257 1974 2439 2020 virtute

1407 2051 1557 2100 simul
1579 2052 1640 2100 ab
1668 2054 1817 2102 initio
1847 2055 2073 2120 temporis
2095 2061 2348 2119 utramque
2375 2053 2434 2101 de

1408 2133 1562 2182 nihilo
1579 2133 1795 2183 condidit
1808 2143 2077 2184 creaturam
2090 2171 2107 2196 ,
2125 2135 2430 2204 spiritualem

1408 2225 1452 2264 et
1481 2215 1771 2283 corporalem
1790 2254 1805 2277 ,
1833 2215 2123 2281 Anqelicam
2150 2217 2366 2265 videlicet
2386 2226 2432 2265 et

1409 2299 1711 2347 mundanam
1723 2316 1744 2361 ,·
1776 2316 1879 2365 quae
1909 2299 2048 2348 verba
2073 2317 2127 2348 ex
2155 2299 2277 2348 libro
2302 2297 2430 2347 Soli-

1410 2381 1676 2446 loquiorum
1700 2419 1713 2441 ,
1757 2384 1837 2447 qui
1886 2399 2124 2447 perperam
2172 2380 2429 2447 Augustino

1412 2463 1666 2520 tribuitur,
1705 2480 1803 2528 cap.
1840 2462 1903 2510 32
1935 2474 2117 2529 sumpta
2151 2474 2276 2511 sunt.
2309 2463 2428 2511 Prae-

1412 2547 1567 2593 sertim
1611 2563 1719 2593 cum
1757 2543 1808 2592 S.
1839 2544 2043 2593 Thomas
2084 2547 2134 2592 in
2169 2541 2426 2610 opusculo,

1414 2645 1507 2692 quo
1535 2627 1809 2675 decretalem
1830 2627 1957 2674 illam
1982 2628 2215 2692 exposuit,
2251 2636 2431 2674 censeat

1414 2712 1475 2756 ita
1504 2710 1755 2757 decrevisse
1791 2708 2035 2773 Synodum
2075 2708 2291 2756 adversus
2322 2706 2430 2755 Ori-

1414 2794 1541 2856 genis
1556 2808 1755 2839 errorem
1773 2827 1787 2850 ‚
1808 2793 1889 2856 qui
1917 2789 2173 2854 spirituales
2201 2800 2428 2838 creaturas

1416 2874 1533 2922 solas
1558 2890 1613 2920 ac
1641 2890 1722 2937 per
1750 2889 1796 2920 se
1825 2870 1883 2919 ab
1909 2873 2042 2919 initio
2071 2870 2277 2919 conditas
2307 2886 2429 2920 asse-

1415 2954 1571 3013 rebat,
1624 2970 1861 3018 corporeas
1903 2970 2010 3001 vero
2052 2969 2105 3001 ex
2146 2970 2253 3000 casu
2275 2990 2288 3014 ,
2332 2970 2429 3001 non

1417 3046 1572 3084 autem
1598 3053 1650 3083 ex
1687 3035 1964 3100 praecedenti
1998 3035 2259 3099 proposito,
2293 3045 2345 3083 ut
2375 3052 2429 3084 eo

1419 3119 1543 3166 velut
1572 3131 1751 3166 carcere
1781 3116 2036 3182 Spirituum
2061 3116 2229 3165 delicta
2262 3117 2433 3182 plecte-

1418 3210 1503 3249 ret.
1534 3199 1703 3248 Contra
1732 3217 1847 3265 quos
1876 3199 2170 3247 Innocentius
2193 3201 2259 3246 ita
2284 3202 2435 3247 sanxit

1419 3293 1664 3349 utramque
1692 3282 1860 3341 simul,
1888 3281 1977 3330 hoc
1997 3291 2089 3340 est,
2120 3283 2216 3345 pari
2244 3281 2433 3329 consilio

1417 3381 1470 3412 ac
1499 3367 1734 3429 praecipuo
1762 3366 2060 3411 constitutam
2087 3381 2112 3410 a
2143 3362 2271 3423 Deo,
2295 3362 2436 3428 idque

1417 3446 1475 3495 ab
1491 3449 1624 3494 initio
1640 3448 1857 3511 temporis
1875 3480 1888 3506 ‚
1907 3445 1996 3493 hoc
2010 3455 2095 3506 est,
2112 3462 2209 3493 non
2234 3461 2286 3493 ex
2306 3446 2435 3491 omni

1418 3532 1682 3577 aeternitate.
1740 3527 1863 3576 Hinc
1908 3530 2171 3576 temeritatis
2226 3525 2436 3574 Petavius

1419 3614 1568 3677 arguit
1597 3610 1854 3675 Theologos
1876 3609 2007 3670 illos,
2047 3611 2128 3676 qui
2159 3610 2436 3657 contrariam

1419 3694 1696 3742 sententiam
1711 3692 1891 3740 haercsis
1905 3693 2127 3740 damnant
2137 3688 2197 3739 ob
2211 3688 2437 3756 ejusmodi

1422 3777 1678 3825 decretum.
1715 3773 1812 3823 Cfr.
1850 3772 1876 3839 §
1916 3774 1993 3823 13.
