2580 4152
459 159 577 219 370
1118 182 1313 220 Tusca·-
1360 184 1428 218 nn
1471 186 1580 221 mio
1620 187 1930 226 caum-olm.
1998 200 2031 205 -·
2129 203 2132 205 v
2181 200 2189 202 “
2240 202 2245 204 s

453 359 647 420 neque
671 336 931 396 elevatus
958 333 1035 393 ad
1062 335 1572 418 supernaturalem
1599 350 1819 400 statum
1841 342 2043 403 fuisset
2060 388 2076 417 ,
2106 343 2167 402 id
2198 355 2287 403 est
2300 387 2323 416 ,
2351 346 2413 404 in
2439 349 2580 406 con-‘-

457 434 684 500 ditione
718 451 883 513 purae
908 441 1134 490 naturae
1180 430 1292 511 (1).
1330 433 1469 492 Sibi
1506 434 1712 515 (Deo)
1754 442 2209 519 conjunguntur
2242 462 2353 518 per
2387 448 2580 520 parti-

458 532 853 607 cipationem,
901 526 1096 607 inquit
1152 527 1213 585 S.
1266 527 1554 604 TllomaS‚
1613 533 2000 591 naturalium
2027 536 2354 610 honorumt,
2400 548 2455 594 et
2493 541 2580 597 ita

451 631 628 686 etiam
675 625 744 682 de
786 627 916 704 ipso
951 625 1220 704 qauderc
1264 636 1553 703 poterunt
1604 630 1885 688 naturali
1926 635 2255 709 coquitione
2305 643 2360 691 ct
2398 634 2580 693 dilec-

464 727 621 781 tio-ne
665 720 775 799 (2).

533 817 676 877 816.
708 818 790 876 Ex
819 815 1032 898 quibus
1060 827 1248 897 patet,
1281 817 1339 876 S.
1376 817 1661 878 Thomam
1692 818 1781 877 his
1812 819 2133 879 infantibus
2154 821 2410 883 tribuere
2427 823 2580 884 bona

452 911 740 975 naturalia
766 923 824 972 et
852 911 1112 993 aliquem
1144 912 1483 973 naturalem
1528 935 1792 974 amorem
1832 926 1891 974 et
1918 914 2191 995 gaudium
2215 962 2231 991 v
2259 929 2434 998 prout
2462 921 2580 978 ani-

451 1009 839 1071 madvertunt
874 1007 983 1066 Th.
1030 1007 1103 1068 de
1146 1011 1352 1068 Lemos
1397 1009 1488 1089 (3)
1537 1022 1597 1069 et
1645 1009 2028 1091 Billua1·t(4).
2080 1011 2384 1092 Angelicus
2433 1016 2580 1073 Doc-

452 1121 545 1167 tor
588 1105 677 1185 (5)
725 1114 1007 1187 praeterea
1067 1103 1249 1164 fusius
1309 1105 1605 1181 ostendit,
1649 1106 1756 1166 hos
1803 1106 2077 1188 parvulos
2117 1107 2342 1166 nullam
2387 1107 2580 1170 subire

451 1223 694 1286 poenam
729 1221 931 1260 sensus
946 1243 968 1270 ,
999 1211 1058 1259 et
1088 1199 1163 1259 ad
1188 1202 1598 1261 auctoritatem
1628 1201 2002 1284 desumptam
2036 1224 2109 1262 ex
2149 1202 2355 1262 Matth.
2382 1205 2537 1264 XXV
2561 1251 2579 1279 ,

453 1295 808 1379 respondet,
840 1316 1031 1376 neque
1061 1294 1135 1354 ad
1170 1295 1458 1371 infideles,
1482 1319 1675 1378 neque
1706 1298 1780 1356 ad
1813 1297 2102 1375 ejusmodi
2135 1298 2387 1358 infantes
2395 1301 2580 1378 judi-

453 1400 619 1455 cium
654 1389 802 1450 illud
828 1391 1219 1451 discussionis
1260 1390 1557 1451 bonorum
1585 1403 1644 1452 et
1668 1391 1961 1451 malorum
1990 1415 2236 1475 operum
2262 1396 2580 1476 pertinere,

453 1491 515 1548 in
548 1486 760 1570 quibus
787 1484 932 1544 fides
973 1507 1097 1545 non
1139 1496 1227 1546 est
1254 1486 1712 1548 fundamentum
1760 1489 2105 1546 meritorum
2145 1489 2414 1547 omnium
2452 1489 2580 1568 (6);

451 1586 595 1644 item
622 1581 749 1643 vult
775 1601 944 1641 voces
970 1583 1263 1661 supplicii
1279 1626 1295 1655 ‚
1321 1585 1640 1653 tormenti,
1664 1583 1942 1663 ychennae
1963 1629 1978 1657 7
2009 1587 2321 1642 cruciatus
2347 1590 2580 1661 (eterni,

456 1678 667 1762 quibus
699 1675 1010 1755 designant
1041 1678 1256 1736 Auctor
1292 1678 1710 1758 Hypognostici
1732 1723 1747 1753 ,
1800 1678 2139 1758 Fulgentius
2179 1690 2239 1738 et
2276 1681 2580 1759 Gregorius

454 1778 534 1836 M.
586 1771 968 1855 parvulorum
1016 1784 1236 1842 statum
1267 1819 1283 1848 .,
1335 1796 1452 1833 csse
1493 1780 1657 1854 larye
1689 1776 2075 1855 accipiendas
2106 1768 2224 1855 pro
2258 1796 2443 1853 poena
2468 1820 2484 1850 7
2517 1786 2580 1835 ut

456 1876 809 1950 accipiatur
838 1873 1056 1947 species
1074 1890 1190 1947 pro
1215 1890 1429 1949 genere
1455 1915 1471 1944 .‚
1496 1874 1657 1928 sicut
1690 1875 1872 1929 etiam
1895 1875 1965 1929 in
2003 1872 2342 1948 Scripturis
2369 1873 2580 1950 quoeli-

460 1970 555 2028 het
586 1988 770 2045 poena
802 1965 1073 2044 fiyurari
1118 1970 1440 2023 consuevit.
1486 1964 1664 2024 Addit
1698 1965 1941 2046 insuper
1988 1988 1999 2023 ε
2044 1966 2184 2024 Ideo
2229 1967 2445 2024 Sancti
2475 1970 2580 2026 talz

459 2065 627 2123 modo
670 2062 954 2141 loquendi
994 2065 1099 2118 usi
1159 2071 1305 2118 sunt
1338 2105 1354 2133 .,
1409 2070 1481 2117 ut
1531 2060 1931 2119 detestabilem
1974 2062 2291 2119 redderent
2329 2082 2580 2120 errorem

460 2161 941 2238 Pelayiancrum
965 2200 987 2228 ,
1023 2161 1135 2235 qui
1163 2155 1537 2229 asserebant,
1571 2160 1641 2213 in
1668 2158 1957 2234 parvulis
1997 2157 2246 2215 nullum
2279 2167 2580 2235 peccatum

456 2277 605 2329 csse7
636 2275 742 2313 nec
774 2256 858 2312 eis
892 2254 1169 2331 aliquam
1188 2273 1437 2331 poenam
1469 2252 1674 2309 deberi
1696 2251 1805 2332 (7).

530 2461 600 2526 (1)
647 2460 817 2528 Quam
847 2457 1041 2506 homini
1060 2456 1268 2522 diqnum
1285 2464 1493 2504 estcom
1649 2456 1715 2519 (6)
1751 2456 1811 2504 In
1837 2473 1915 2517 ιν,
1948 2457 2058 2505 dist.
2090 2454 2192 2523 47,
2237 2475 2284 2524 q.
2325 2474 2384 2517 1,
2418 2469 2503 2507 art.
2531 2460 2580 2522 3!

454 2553 644 2610 petere,
718 2542 872 2607 inquit
921 2539 1135 2589 Ambros
1183 2538 1458 2588 Catharinus
1475 2575 1490 2603 ,
1580 2538 1661 2587 ubi
1700 2539 1756 2587 ad
1789 2549 1887 2587 tert.
1922 2549 2084 2605 quaest.
2122 2541 2325 2605 inquit:
2364 2539 2580 2604 Infidelea

464 2626 542 2674 De
560 2634 689 2673 statu
707 2639 975 2691 puerorum
1001 2624 1111 2670 sine
1146 2622 1384 2688 baptismo
1411 2620 1491 2669 de·
1577 2621 2028 2670 condemnabuntur
2055 2630 2109 2669 ut
2137 2621 2319 2678 hostes,
2354 2624 2442 2687 qui
2475 2639 2580 2670 con-

460 2708 732 2757 cedentium
1575 2713 1832 2753 sueverunt
1860 2704 1992 2770 apud
2016 2703 2233 2752 homi-nes
2253 2703 2426 2768 absque
2442 2706 2580 2752 meri-

453 2806 455 2808 ·
530 2792 591 2856 (2)
615 2791 670 2839 ln
685 2807 721 2838 11
743 2828 756 2850 ‚
775 2790 883 2838 dist.
905 2789 968 2840 33
990 2826 1005 2848 ,
1039 2806 1090 2855 q.
1111 2804 1140 2836 2
1161 2824 1175 2846 ‚
1206 2796 1296 2838 art.
1318 2803 1347 2836 2
1366 2786 1425 2835 ad
1441 2786 1487 2837 5.
1574 2795 1733 2835 torum
1760 2786 2014 2835 audientia
2043 2788 2373 2835 eoeterminari.
2398 2786 2499 2836 cfr.
2516 2787 2580 2838 ib.

462 2873 562 2923 Cfr.
595 2876 734 2923 etiam
763 2872 963 2935 Lessius,
994 2870 1076 2920 Dc
1102 2870 1260 2919 divin.
1283 2869 1486 2937 perfect.
1574 2869 1634 2918 ad
1663 2879 1877 2935 quartam
1913 2871 2234 2935 quaestionem.

463 2957 547 3005 lib.
580 2973 667 3005 xm
687 2994 702 3016 ‚
731 2957 813 3022 qui
848 2966 917 3005 est
934 2955 993 3004 de
1017 2955 1197 3020 justitia
1216 2963 1260 3003 et
1282 2955 1349 3001 ira
1366 2952 1454 3002 Dei
1470 2990 1484 3014 ,
1641 2952 1710 3016 (7)
1744 2950 1916 3016 Quaest.
1935 2968 1985 3009 v,
2002 2949 2082 2998 De
2098 2948 2222 2998 malo
2242 2987 2254 3010 ‚
2271 2960 2354 3000 art.
2381 2966 2432 3010 2,
2462 2950 2522 2999 ad
2544 2966 2580 3000 1.

460 3057 565 3104 cap.
598 3055 694 3099 22,
727 3055 864 3086 num.
908 3034 1001 3100 143
1035 3046 1081 3085 et
1110 3053 1244 3103 seqq.
1570 3032 1666 3082 Cfr.
1692 3036 1829 3082 etiam
1846 3032 1916 3082 De
1930 3031 2123 3092 Rubeis,
2145 3032 2251 3082 diss.
2269 3035 2348 3082 cit.
2367 3049 2464 3098 cap.
2486 3032 2579 3097 75,

527 3119 602 3187 (3)
621 3116 1065 3189 Panopliaqratioe,
1085 3129 1203 3167 tom.
1223 3134 1270 3178 1,
1289 3127 1480 3177 tracta,
1567 3114 1594 3182 §
1625 3115 1675 3165 3.
1708 3115 1777 3164 Ex
1809 3115 1883 3163 his
1921 3124 2100 3163 constat
2141 3113 2459 3176 scholasticos,
2498 3116 2580 3180 qui

461 3221 565 3269 cap.
589 3201 656 3250 23
675 3240 687 3263 ‚
713 3220 818 3267 pag.
844 3199 908 3251 55
932 3239 949 3262 ,
966 3202 1059 3253 col.
1096 3217 1115 3249 1
1141 3239 1154 3261 ‚
1175 3199 1316 3250 Leod.
1339 3196 1481 3267 1676.
1567 3198 1775 3248 emollire
1807 3197 2086 3246 studuerunt
2112 3215 2294 3264 asperas
2327 3197 2580 3247 nonnullo-

527 3285 598 3349 (4)
634 3286 700 3333 In
738 3301 798 3347 1„
840 3290 897 3334 2³⁰
919 3321 931 3343 ,
965 3283 1017 3333 S.
1055 3283 1103 3334 T
1102 3283 1233 3333 hcm.
1268 3293 1387 3332 tom.
1410 3297 1448 3330 11
1466 3320 1479 3343 ,
1566 3298 1671 3330 rum
1702 3279 1895 3328 Parrum
1923 3279 2177 3329 locutiones
2198 3317 2212 3340 ,
2235 3298 2312 3329 eos
2342 3280 2506 3329 vidisse
2525 3296 2580 3327 ao

457 3369 569 3416 diss.
596 3385 624 3435 7
647 3405 661 3428 ‚
686 3377 775 3416 art.
808 3363 842 3414 6
863 3402 878 3425 ,
906 3363 935 3432 S
959 3382 1006 3413 2.
1566 3363 1758 3428 legissem
1790 3362 1989 3428 ideoque
2027 3379 2127 3410 non
2162 3364 2268 3412 satis
2305 3378 2491 3428 aequum
2519 3360 2578 3410 de

526 3449 595 3515 (ὅ)
631 3449 687 3497 In
736 3465 806 3508 n,
841 3447 954 3496 dist.
989 3445 1053 3495 33
1072 3483 1088 3509 ,
1120 3464 1170 3513 q.
1202 3462 1231 3494 2
1251 3483 1263 3507 ‚
1301 3455 1390 3495 art.
1434 3462 1478 3495 1.
1562 3448 1621 3496 iis
1643 3433 1878 3512 judicium
1903 3444 2060 3494 tulisse
2091 3444 2234 3493 Card.
2261 3443 2427 3505 Neris,
2461 3443 2577 3492 dum

455 3531 551 3582 cfr.
581 3531 652 3581 De
680 3529 886 3590 Rubeis‚
922 3529 1031 3581 diss.
1061 3531 1141 3579 eit.
1174 3526 1257 3576 De
1284 3535 1481 3595 peccato
1563 3530 1615 3576 'm
1639 3524 1695 3573 V
1690 3526 1895 3575 indiciis
1920 3526 2131 3592 August.
2162 3543 2264 3592 pag.
2296 3524 2433 3594 974,
2458 3523 2568 3573 edit.

452 3615 636 3680 oriqin.
657 3630 762 3679 cap.
786 3608 885 3679 743
909 3610 1102 3670 Suarez,
1117 3609 1195 3662 De
1205 3628 1340 3677 pecc.
1358 3612 1478 3675 oriq.
1563 3610 1737 3659 Veton.
1760 3626 1911 3676 1729,
1929 3612 2138 3674 scripsit:
2163 3608 2269 3675 Qui
2282 3605 2574 3672 (scholastici)

448 3696 569 3763 disp.
602 3712 635 3763 9
662 3733 675 3759 ,
709 3707 815 3744 sect,
847 3691 901 3744 6.
1560 3693 1678 3740 siin
1697 3691 1908 3740 Patrum
1925 3690 2251 3740 voluminibus
2267 3698 2454 3739 tamum
2468 3694 2574 3734 slu-
