2580 4152
335 272 411 331 36

987 291 1198 331 TRACT.·
1234 292 1302 327 DE
1325 292 1449 329 ·1)E0
1493 291 1801 330 CREATORE.

333 424 485 482 tanti
528 422 814 482 momenti
862 432 1001 479 sunt
1016 466 1034 497 ,a
1081 432 1146 479 ut
1174 442 1205 479 a
1254 420 1574 499 potioribus
1629 418 2027 480 consectandis
2077 440 2182 476 nos
2226 416 2441 476 diutius

335 517 661 581 detineant.

1209 619 1460 754 CAPUT*
1519 667 1587 723 v.

740 836 813 872 DE
855 833 1145 870 DAEMONUM
1190 833 1321 871 CUM
1352 834 1657 872 HOMINIBUS
1702 835 2042 874 COMMERCIO.

420 1007 518 1065 77.
569 998 664 1065 Ad
699 1004 810 1063 hoc
859 1003 1197 1063 daemonum
1227 1025 1360 1062 cum
1402 1003 1739 1062 hominibus
1779 1004 2189 1063 commercium
2216 1025 2456 1065 revoca-

338 1123 469 1160 mus
509 1095 705 1159 omnia
750 1098 1095 1158 eorumdem
1135 1097 1425 1157 malorum
1475 1100 1786 1180 spirituum
1835 1099 2139 1158 molimina
2166 1144 2182 1174 ,
2221 1099 2342 1158 sive
2382 1099 2459 1158 ad

337 1195 673 1256 nocendum
697 1194 1034 1253 hominibus
1058 1215 1271 1275 eosque
1300 1194 1596 1253 vexandos
1617 1240 1631 1267 ,
1661 1196 1783 1254 sive
1807 1195 1880 1254 ad
1910 1216 2005 1253 eos
2029 1194 2103 1252 ad
2127 1204 2456 1253 extremum

342 1283 586 1355 exitium
617 1289 1043 1372 perducendos,
1083 1287 1173 1348 Ad
1220 1289 1480 1370 primum
1513 1289 1813 1370 potissime
1850 1301 2115 1371 spectant
2152 1309 2459 1370 corporum

341 1385 703 1446 obsessiones
725 1430 741 1459 .,
782 1385 858 1444 ad
904 1384 1156 1444 alterum
1191 1383 1346 1442 mala
1382 1384 1578 1443 omnia
1606 1429 1623 1460 ,
1650 1384 1726 1443 ad
1765 1407 1893 1467 quae
1938 1384 2232 1444 daemones
2269 1383 2460 1442 solent

341 1482 611 1541 homines
660 1480 964 1563 impellere
996 1526 1012 1553 ,
1078 1480 1197 1540 sive
1257 1478 1318 1537 id
1366 1478 1605 1539 demum
1653 1481 1755 1539 fiat
1812 1491 1982 1561 pacto
2049 1478 2457 1561 qualicumque

346 1577 694 1658 interposito
717 1622 732 1651 ,
772 1576 895 1649 sive
932 1597 1072 1634 non.

425 1673 524 1732 78.
570 1671 846 1731 Libenter
872 1683 931 1730 et
956 1693 1063 1730 nos
1094 1671 1347 1730 fatemur
1373 1692 1496 1729 non
1520 1672 1739 1745 omnia,
1773 1692 1902 1752 quae
1930 1671 2005 1730 de
2030 1669 2459 1750 energumenis,

343 1766 704 1851 pythonibus
725 1812 740 1841 ,
784 1767 929 1845 sagis
953 1811 968 1840 .,
1006 1765 1197 1824 lamiis
1235 1786 1299 1824 ac
1326 1777 1449 1825 arte
1482 1766 1704 1845 magica
1735 1768 1952 1849 passim
1988 1765 2337 1839 traduntur,
2377 1765 2464 1823 in-

346 1862 795 1931 discriminatim
821 1860 1201 1921 admittenda
1218 1882 1370 1935 esseg
1405 1872 1494 1920 ast
1519 1883 1626 1920 nec
1655 1863 1851 1921 omnia
1873 1907 1889 1936 a
1919 1883 2049 1944 quae
2078 1861 2462 1921 daemoniacos

346 1969 614 2041 spectant
646 1956 742 2018 vel
781 1957 1222 2038 superstitiones
1268 1957 1652 2017 daemoniacas
1680 2003 1694 2031 ,
1734 1959 1798 2016 in
1838 1957 1957 2016 sola
1997 1957 2157 2037 vulgi
2189 1957 2464 2039 opinione

355 2053 659 2136 ponendas
685 2075 808 2112 esse
839 2052 1268 2111 contendimus,
1301 2052 1451 2111 Talis
1475 2053 1634 2111 enim
1668 2054 1866 2134 opinio
1897 2053 2220 2112 secundum
2243 2054 2297 2111 S.
2318 2052 2466 2111 Tho-

347 2171 507 2208 mam
536 2151 813 2228 procedit
848 2170 918 2206 em
959 2149 1166 2207 radice
1206 2150 1580 2228 infidelitatis
1621 2153 1741 2207 sive
1780 2149 2259 2222 incredulitatis,
2318 2152 2470 2227 quia

349 2266 466 2304 non
497 2246 755 2302 credunt
775 2265 889 2302 esse
919 2244 1212 2303 daemones
1240 2249 1371 2303 nisi
1396 2251 1465 2303 in
1482 2249 1870 2304 (estimatione
1894 2246 2061 2324 vulgi
2090 2254 2329 2302 tantum
2355 2243 2463 2323 (l).

431 2340 528 2398 79.
576 2340 657 2398 Ex
683 2339 793 2398 hac
822 2339 1016 2398 radice
1043 2340 1300 2398 exoritur
1327 2341 1546 2421 pariter
1571 2340 1963 2400 recentiorum
2000 2339 2468 2398 Protestantium

351 2434 569 2515 passim
601 2434 693 2514 (2)
719 2455 784 2493 ac
808 2434 1234 2495 neotericorum
1255 2433 1628 2510 biblicorum³
1659 2434 1845 2493 multo
1874 2434 2055 2514 magis
2083 2432 2467 2494 rationalista-

352 2636 532 2686 Calmet
551 2671 564 2695 ,
590 2634 734 2684 Diss.
761 2618 819 2682 in
847 2635 990 2684 bonos
1017 2644 1061 2683 et
1082 2635 1233 2684 malos
1256 2635 1374 2685 An-

352 2717 514 2784 93108,
549 2726 632 2764 art.
676 2733 704 2764 2
725 2755 739 2778 ,
771 2734 876 2783 quae
904 2728 972 2766 est
999 2719 1200 2767 secunda
1232 2738 1286 2768 ex
1321 2723 1377 2768 iis

355 2818 470 2867 quas
502 2801 723 2865 praemisit
755 2802 1100 2856 commentariis
1126 2803 1178 2849 in
1199 2801 1375 2866 Evang.

357 2880 409 2930 S.
441 2881 607 2929 Lucae.

427 2960 496 3025 (1)
532 2962 589 3008 In
602 2955 877 3010 1v'Sentent.
896 2962 1076 3026 dist.34
1095 2999 1108 3021 ‚
1130 2982 1180 3029 q.
1202 2981 1246 3027 1,
1264 2982 1309 3013 a.
1329 2965 1379 3013 3.

358 3045 558 3108 Ipsemet
576 3042 848 3104 Cudworffi,
867 3043 994 3107 Syst.
1011 3043 1165 3093 intell.
1187 3062 1292 3110 cap.
1318 3043 1347 3092 5
1367 3083 1380 3105 ‚

358 3122 523 3191 §82‚
566 3127 761 3172 minime
807 3124 987 3173 dubitat
1027 3143 1131 3184 eos,
1177 3130 1260 3191 qui
1305 3127 1383 3175 illa

361 3225 463 3272 quae
496 3206 565 3254 vel
598 3206 655 3254 de
676 3207 1041 3254 divinationibus
1064 3245 1076 3265 ‚
1107 3208 1163 3255 de
1191 3211 1376 3271 magiis,

361 3307 386 3337 a
433 3288 611 3336 fortiori
643 3304 747 3335 vero
796 3306 896 3354 quae
929 3290 986 3336 de
1039 3289 1380 3338 obsessionibus

362 3357 583 3417 dicuntur
617 3405 631 3431 ,
678 3370 946 3417 inficiantur
979 3408 991 3429 ‚
1043 3372 1289 3435 impietatis
1331 3375 1382 3419 in

362 3451 515 3499 Deum
557 3467 745 3516 arguere
781 3469 836 3498 ac
875 3451 1112 3500 traducere
1156 3454 1283 3501 velut
1325 3455 1382 3503 de

363 3533 586 3581 atheismo
617 3543 867 3597 suspectos.

433 3601 494 3676 (2)
535 3598 636 3662 cfr.
655 3614 827 3663 Christ.
846 3614 1137 3675 Thomasius‚
1159 3615 1376 3668 Dissert.

362 3694 419 3771 de
459 3697 662 3743 crimine
706 3698 880 3761 maqioe
915 3732 929 3759 ,
984 3714 1103 3760 1701
1123 3717 1135 3760 ;
1181 3698 1337 3764 Mayer
1362 3737 1375 3759 ,

361 3773 592 3851 ¹Historia
605 3777 804 3841 diaboli,
822 3780 917 3837 edit
932 3788 980 3826 2³
993 3779 1219 3845 Tubingae
1230 3798 1244 3827 1
1259 3778 1376 3847 7803

1458 2638 1656 2688 Meiners
1683 2676 1696 2699 ‚
1747 2638 1879 2703 Allq.
1928 2639 2069 2689 Krit.
2135 2638 2304 2687 Geooh.
2354 2637 2469 2686 aller

1459 2721 1743 2786 Reliyionen
1762 2759 1779 2784 ,
1820 2741 1900 2771 seu
1949 2721 2255 2772 Universalis
2294 2723 2467 2770 critica

1460 2803 1663 2853 historia
1689 2807 1907 2853 omnium
1938 2803 2226 2868 reliqionum
2247 2841 2260 2864 ‚
2283 2814 2398 2852 tom.
2416 2822 2433 2851 1
2453 2841 2466 2864 ,

1464 2902 1567 2951 pag.
1602 2885 1702 2954 398
1733 2897 1779 2935 et
1811 2904 1938 2952 seqq.
1965 2885 2280 2944 Daemoniacos
2308 2903 2485 2944 omnes!

1464 2984 1561 3015 non
1585 2985 1611 3014 a
1645 2967 1832 3015 diabolo
1864 2977 1942 3015 aut
1974 2985 2000 3016 a
2027 2967 2314 3015 daemonibus
2334 2986 2470 3017 vexa-

1465 3058 1534 3096 tos
1552 3085 1565 3107 ‚
1597 3049 1676 3096 sed
1710 3052 1843 3097 certis
1874 3048 2046 3096 morbis
2077 3048 2266 3097 afflictos
2299 3050 2436 3098 fuisse
2455 3087 2469 3111 ,

1467 3129 1697 3178 Semlerus
1735 3133 1910 3194 primus
1951 3133 2001 3178 in
2047 3129 2290 3178 Germania
2330 3131 2473 3181 libere

1439 3212 1691 3275 professus
1737 3223 1834 3272 est,
1871 3215 1922 3259 in
1961 3210 2173 3259 Dissert.
2206 3212 2262 3259 de
2299 3213 2475 3262 doemo-

1462 3294 1646 3352 niueis,
1674 3310 1878 3357 quorum
1898 3295 1953 3340 in
1971 3293 2022 3340 E
2023 3293 2255 3358 vanqeliis
2263 3296 2323 3359 fit
2337 3313 2474 3343 men-

1464 3377 1560 3435 tio,
1587 3375 1710 3422 Halae
1747 3373 1871 3440 1760
1890 3412 1903 3434 ,
1935 3374 1983 3438 4.
2003 3412 2017 3437 ,
2046 3377 2155 3425 edit.
2200 3375 2251 3440 4.
2275 3415 2288 3438 ,
2328 3392 2473 3443 1779.

1464 3456 1534 3505 De
1554 3457 1643 3505 hoc
1664 3468 1817 3506 autem
1844 3457 2052 3506 Semlero
2073 3496 2086 3518 ‚
2115 3462 2195 3525 qui
2223 3469 2289 3508 est
2306 3459 2475 3507 Protes-

1464 3541 1662 3587 tantium
1691 3539 1975 3587 biblicorum
1994 3577 2007 3600 ‚
2041 3551 2087 3588 et
2117 3543 2365 3605 praesertim
2405 3558 2476 3588 ra-

1463 3621 1797 3668 tionalistarum
1824 3635 2045 3686 tanquam
2072 3622 2334 3681 oraculum,
2373 3622 2478 3671 vide

1462 3700 1603 3766 Hugs'
1634 3702 1787 3751 James
1803 3702 1922 3751 Rose
1942 3721 2092 3768 opus:
2128 3703 2212 3751 On
2250 3702 2326 3750 the
2362 3711 2479 3750 state

1461 3783 1523 3846 of
1535 3782 1740 3847 reliqion
1754 3792 2022 3850 protestavit
2040 3823 2053 3847 ‚
2082 3794 2173 3835 etc.
2202 3783 2446 3850 Cambrige
2462 3820 2477 3845 ‚
