2580 4152
269 269 422 307 PART.
467 270 505 306 1.
551 266 669 304 cn.
715 265 792 305 ιν.
838 265 906 301 nn
950 262 1287 301 montolium
1333 262 1542 300 canu
1586 261 1753 299 mrsu
1782 263 1851 299 m·
1892 261 2084 298 romu.
2134 240 2207 298 31

194 407 286 467 65.
335 406 422 466 Ad
458 406 719 465 confirm.
762 405 919 464 Dist.
963 403 1181 485 pariter
1221 424 1354 462 cum
1388 401 1594 462 eodem
1630 400 1906 482 Angelico
1949 422 2209 484 praecep-

113 517 255 563 tore.
286 503 342 561 Si
370 500 678 559 hominum
707 497 858 557 mala
887 496 960 556 ab
991 497 1339 577 Angelorum
1368 497 1715 577 negligentia
1743 498 1926 577 repeti
1949 508 2209 577 possent,

112 620 291 670 conc.;
330 597 377 655 si
421 594 493 653 ab
523 617 638 653 una
660 580 985 652 'hominum
1015 591 1238 651 malitia
1258 638 1272 666 ,
1313 594 1412 674 qui
1443 593 1590 651 sicut
1618 614 1650 650 a
1685 589 1935 650 naturali
1970 592 2213 651 rectitu-

112 692 247 751 dine
265 737 281 766 ,
314 691 392 749 ita
416 712 448 748 a
477 688 767 748 bonorum
796 687 1147 768 Angelorum
1172 688 1452 782 instinctu
1490 686 1798 746 discedunt
1825 732 1840 760 ,
1877 707 2006 766 neq.
2037 686 2145 765 (l)

970 917 1209 976 CAPUT
1292 917 1384 975 IV.

513 1102 580 1140 nt:
624 1099 959 1139 ANGBLORUM
997 1098 1209 1136 canu
1236 1121 1252 1150 ,
1299 1095 1466 1134 mrsu
1509 1098 1574 1134 m·
1617 1074 1806 1134 romu.

197 1296 290 1353 66.
334 1295 406 1353 Ea
427 1336 449 1364 ,
470 1314 597 1374 quae
618 1292 679 1350 in
710 1291 820 1350 hoc
847 1290 1035 1372 capite
1061 1288 1536 1372 complectimur,
1563 1290 1660 1351 vix
1675 1290 1738 1347 in
1762 1294 2215 1354 controversiam

114 1389 375 1447 veniunt.
409 1387 466 1445 Si
506 1408 619 1467 qua
645 1396 849 1445 tamen
873 1386 1114 1466 quaestio
1142 1395 1228 1443 est
1248 1430 1263 1460 ,
1295 1383 1420 1444 haec
1446 1384 1600 1443 inter
1639 1384 1936 1465 theologos
1978 1387 2167 1447 fervet
2195 1434 2211 1465 ,

112 1502 217 1541 nec
243 1481 542 1563 quidpiam
565 1480 660 1540 hic
683 1481 824 1540 certi
845 1481 1022 1539 statui
1046 1498 1214 1562 posse
1239 1479 1491 1540 videtur.
1517 1480 1667 1538 Hinc
1707 1479 1931 1539 nullam
1958 1482 2215 1563 peculia-

109 1597 234 1635 rem
275 1588 595 1636 statuentes
641 1576 1101 1659 propositionem
1124 1622 1139 1650 ,
1183 1574 1441 1636 breviter
1483 1585 1542 1633 et
1589 1595 1658 1634 ex
1696 1575 1912 1635 ordine.
1941 1588 2094 1636 certa
2137 1577 2212 1637 ab

109 1670 342 1730 incertis
364 1682 730 1731 secernentes
755 1717 770 1745 ,
799 1671 942 1752 quid
969 1672 1116 1730 circa
1144 1669 1398 1750 singulos
1423 1671 1749 1752 propositos
1779 1671 2048 1731 articulos
2087 1694 2214 1733 sen-

109 1766 375 1826 tiendum
410 1769 516 1842 sit,
547 1766 967 1826 enarrabimus,

196 1861 291 1921 67.
342 1863 402 1920 10
436 1860 519 1920 Ad
552 1862 796 1942 gratiam
832 1859 989 1942 quod
1015 1861 1224 1920 attinet
1244 1906 1259 1935 ,
1287 1860 1485 1919 statim
1513 1881 1577 1919 ac
1601 1859 1819 1920 conditi
1852 1861 2047 1938 fuere,
2090 1874 2218 1924 tan-

116 1975 292 2036 quam
327 1956 880 2038 praestantissimum
930 1954 1215 2035 Angelicae
1258 1966 1483 2015 naturae
1521 1967 1933 2015 ornamentum
1971 1960 2216 2037 gratiam

116 2051 574 2110 sanctificantem
609 2049 840 2130 Angelis
873 2049 1145 2109 omnibus
1183 2052 1373 2109 Deum
1417 2047 1760 2126 contulisse,
1798 2053 2039 2111 Patrum
2063 2075 2217 2115 com-

115 2146 308 2204 munis
346 2146 634 2205 sententia
675 2156 763 2204 est
797 2166 861 2204 ac
897 2144 1336 2227 theologorum,
1386 2145 1598 2228 quibus
1639 2147 1940 2225 Augustini
1976 2148 2218 2211 effatum

116 2238 392 2298 familiare
413 2251 499 2298 est
528 2263 541 2297 ε
581 2242 745 2300 Deus
769 2251 900 2298 erat
926 2242 1114 2299 simul
1138 2246 1208 2299 in
1227 2245 1311 2299 eis
1331 2251 1388 2299 et
1407 2243 1664 2300 condens
1692 2253 1986 2302 naturam
2011 2256 2067 2304 et
2089 2248 2219 2304 lar-

108 2340 279 2414 giens
307 2339 611 2414 qratiam,
657 2336 817 2394 unde
853 2341 982 2394 sine
1016 2336 1172 2394 bona
1207 2338 1504 2395 voluntate
1522 2381 1538 2410 ,
1572 2337 1676 2395 hoc
1713 2349 1828 2412 est,
1866 2339 1986 2397 Dei
2017 2362 2218 2400 amore

120 2450 443 2507 nunquam
479 2441 707 2490 sanctos
750 2431 999 2510 Anyelos
1048 2434 1241 2511 fuisse
1290 2431 1651 2491 credendum
1691 2443 1776 2491 est
1815 2432 1923 2513 (2).
1964 2435 2034 2492 Et
2078 2457 2218 2496 sane

115 2521 376 2581 Christus
409 2525 480 2582 de
507 2523 741 2584 diabolo
772 2525 963 2607 inquit
990 2548 1003 2583 :
1035 2527 1110 2587 In
1139 2531 1382 2586 veritate
1417 2549 1538 2586 non
1570 2532 1728 2587 stetit
1754 2527 1965 2607 (Joan.
1998 2531 2148 2590 VIII.
2169 2533 2214 2612 ).

116 2616 255 2688 Quae
301 2615 479 2676 verba
525 2618 580 2676 S.
624 2620 878 2679 Joannes
923 2620 1218 2701 Chrysost.
1265 2633 1322 2681 et
1364 2624 1419 2681 S.
1448 2623 1558 2681 Leo
1585 2624 1661 2682 M.
1695 2623 1768 2683 de
1803 2630 2117 2684 sanctitate
2158 2638 2217 2686 et

93 2714 344 2789 justitia
379 2712 694 2793 explicant,
739 2734 773 2771 a
813 2735 927 2795 qua
962 2713 1062 2773 ille
1096 2715 1311 2775 decidit
1338 2716 1446 2796 (3).
1483 2717 1635 2776 Illud
1679 2740 1910 2800 quoque
1957 2720 2213 2795 accedit,

114 2805 270 2886 quod
283 2807 340 2866 S.
368 2808 404 2866 J
409 2806 549 2866 udas
576 2807 773 2866 scribit
804 2830 817 2866 ε
845 2809 1095 2888 Anyelos
1112 2838 1131 2884 ,
1151 2815 1264 2889 qui
1286 2831 1408 2868 non
1425 2823 1816 2870 servaverunt
1837 2834 2022 2872 suum
2034 2819 2222 2894 prin-

114 2904 383 2980 cipatum
422 2902 533 2982 (4).
572 2905 836 2985 Denique
866 2904 1171 2964 Ezechielis
1210 2903 1387 2967 verba
1415 2907 1688 2980 XXVIII,
1735 2907 1807 2965 15
1844 2930 1857 2966 t
1905 2910 2217 2990 Perfectus

182 3128 451 3192 (1)1b.art.
493 3149 537 3192 1,
569 3133 628 3181 ad
656 3133 708 3182 3.
763 3140 765 3143 ’
1199 3134 1436 3199 quadraq.
1478 3153 1534 3195 x,
1572 3152 1672 3200 cap.
1714 3152 1743 3183 2
1782 3153 1796 3186 ε
1834 3135 1909 3184 Et
1940 3139 2061 3202 quia
2110 3142 2214 3206 ipse

182 3209 249 3273 (2)
283 3210 363 3260 Do
378 3215 571 3262 civitate
584 3213 705 3278 Dei,
725 3213 811 3263 lib.
832 3231 922 3275 ιιι,
941 3230 1045 3280 cap.
1062 3231 1116 3282 9,
1202 3216 1473 3279 (diabolus)
1512 3218 1562 3264 in
1601 3220 1788 3266 veritate
1815 3235 1912 3266 non
1939 3223 2061 3268 stetit
2083 3258 2097 3281 ‚
2140 3231 2213 3270 to·

117 3307 252 3338 num.
291 3307 343 3341 2.
470 3308 473 3311 ·
1201 3305 1389 3362 tamque
1411 3306 1601 3346 naturoe
1627 3315 1728 3347 euoe
1747 3298 1952 3362 qloriam
1964 3337 1980 3361 ‚
2001 3302 2117 3350 dum
2129 3321 2216 3352 m-
2282 3307 2290 3330 ·

182 3370 242 3434 (3)
278 3370 330 3420 S.
372 3372 508 3424 Joau.
553 3375 788 3441 Chrysost.
830 3376 973 3426 Hom.
1014 3394 1085 3426 uv
1105 3413 1119 3438 ‚
1196 3380 1388 3445 perhit,
1434 3382 1631 3442 amisit,
1675 3380 1799 3430 dolet
1842 3382 2083 3433 hominem
2118 3384 2214 3434 Dei

113 3452 223 3502 alias
245 3469 323 3501 un
340 3489 353 3512 ,
382 3452 451 3501 In
464 3453 614 3507 Joan.
642 3475 695 3507 n.
727 3458 786 3518 3,
813 3460 935 3507 citati
955 3458 1123 3507 Christi
1205 3462 1539 3512 misericordia
1573 3466 1796 3529 reparari
1814 3501 1828 3524 ‚
1874 3474 1917 3514 et
1958 3468 2015 3514 in
2052 3467 2174 3515 hona
2189 3502 2206 3527 ,

112 3534 249 3582 verba
286 3537 352 3582 sic
390 3540 575 3600 exponit
604 3555 618 3587 ε
648 3539 778 3589 Τοῦτ’
820 3537 947 3590 ἔστιν
983 3540 1033 3589 εἰν
1062 3547 1126 3606 τᾷ
1203 3560 1309 3607 quw
1354 3545 1458 3609 ipso
1504 3544 1753 3609 perdidit,
1796 3547 2060 3597 introduci.
2098 3548 2208 3597 Vid.

107 3615 235 3681 δςθᾷ
249 3613 328 3680 βίᾳ
343 3616 390 3664 id
406 3627 491 3678 est,
511 3619 568 3665 in
582 3621 1013 3686 vitaeprobitate.S.
1029 3622 1122 3671 Leo
1206 3624 1318 3673 edit.
1342 3625 1581 3674 Banerinii
1598 3662 1614 3689 ,
1647 3637 1762 3677 tom.
1790 3645 1808 3675 1
1825 3665 1838 3688 ,
1871 3647 1974 3694 pag.
1999 3633 2111 3687 182.

110 3693 175 3744 Μ.
209 3695 365 3747 Serm.
397 3714 571 3761 xtvm,
601 3700 713 3750 alias
749 3718 909 3765 nvn,
947 3721 1002 3753 ac
1040 3702 1121 3754 Do
1268 3707 1342 3771 (4)
1376 3706 1472 3755 cfr.
1494 3706 1751 3759 Maldonat.
1768 3712 1818 3757 in
1836 3709 2206 3775 Joan-V11-1‚44.
