2580 4152
463 267 623 306 PART.
671 268 735 303 11.
780 266 905 302 cAr.
954 266 1017 302 11.
1066 266 1134 300 nr.
1180 247 1424 300 MOSA'J‘GA.
1467 259 1842 299 cosmoconu.

2131 238 2208 295 87

106 411 356 470 niatores
398 406 747 480 traducunt,
784 414 1068 485 quotquot
1116 404 1239 461 ausi
1274 404 1507 462 fuerant
1546 403 1865 459 mosaicam
1900 396 2204 455 creationis

105 505 406 563 historiam
444 501 706 559 falsitatis
742 520 978 578 arguere
1005 497 1100 558 vel
1128 519 1198 556 ex
1223 497 1487 556 interiori
1522 494 1746 554 telluris
1773 492 2205 552 constructione

107 599 201 661 vel
236 621 309 658 ex
344 596 600 675 ejusdem
643 595 864 655 telluris
906 593 1225 677 superficie.
1264 592 1328 651 3⁰
1367 593 1640 673 Magnam
1676 588 2021 648 affinitatem
2051 586 2206 644 inter

103 693 308 752 seriem
347 691 751 772 operationum
771 735 785 762 ,
828 710 956 770 quae
1005 691 1151 746 Gen.
1198 689 1220 745 Ι
1248 696 1626 767 exponuntur
1644 729 1661 761 ‚
1710 694 1769 742 et
1816 703 1946 742 eam
1967 725 1982 755 ,
2026 701 2204 760 quam

106 809 138 846 e
167 785 526 845 naturalibus
548 783 1048 843 observationibus
1068 782 1352 841 deducere
1367 779 1637 850 credunt.
1663 775 2208 836 animadverterunt

100 881 253 940 docti
277 881 493 960 geologi
518 880 752 939 Brocchi
780 880 867 959 (1)
889 925 904 953 .,
935 881 1255 937 Demerson
1276 921 1292 951 ,
1318 876 1405 955 (2)
1422 921 1437 948 .,
1460 873 1687 934 Boubee
1711 871 1821 951 (3).
1840 871 1905 929 40
1924 869 2206 942 Quaedam

103 997 172 1033 ex
195 976 285 1034 his
308 1022 323 1050 ·,
354 997 483 1057 quae
505 975 728 1054 vulgari
756 972 1225 1052 interpretationi
1258 970 1647 1047 objiciuntur,
1676 965 1891 1025 nullius
1920 964 2208 1026 momenti

102 1092 222 1130 esse
250 1071 532 1130 doctiores
554 1068 915 1129 naturalistae
942 1068 1205 1126 fatentur
1229 1064 1339 1143 (4).
1375 1062 1440 1119 50
1472 1060 1766 1121 Nonnulla
1793 1059 2205 1140 phaenomena,

101 1301 258 1338 tamen
277 1291 442 1354 passim
462 1288 672 1336 laudatur
700 1283 922 1351 tanquam
942 1285 1107 1332 acerri-

102 1376 204 1407 mus
217 1367 408 1406 assertor
424 1358 726 1421 cosmogoniae
744 1357 973 1411 mosaicae,
993 1368 1108 1417 qua-

100 1444 138 1488 si
172 1441 481 1489 communiori
519 1439 883 1502 interpretationi
924 1437 1106 1483 dierum

99 1538 204 1588 cap.
233 1537 249 1568 1
265 1556 276 1567 .
298 1520 414 1569 Gen.
432 1520 803 1584 adstipularetur‚
825 1517 951 1583 quod
967 1534 1106 1583 quam

97 1604 267 1651 falsum
285 1605 340 1650 sit
355 1641 367 1660 ‚
391 1603 571 1667 liquido
588 1612 713 1666 patet
729 1619 781 1648 ex
810 1603 909 1665 ejus
928 1599 1076 1647 verbis
1091 1636 1104 1654 ‚

101 1701 203 1751 quae
233 1684 308 1731 hic
336 1683 608 1749 subjicimus
639 1699 694 1730 ex
728 1683 903 1746 op.2cit.
925 1681 1028 1728 lett.
1047 1681 1103 1738 3,

101 1784 208 1831 pag.
243 1763 310 1831 95
343 1775 387 1813 et
423 1762 489 1830 96
521 1781 534 1812 :
567 1764 662 1811 Les
691 1750 993 1827 operatione,
1023 1762 1110 1825 qui

102 1855 266 1895 eurent
291 1842 389 1894 lieu
414 1846 585 1912 depuis
610 1853 723 1892 cette
741 1843 924 1909 qrande
946 1853 1108 1899 eroque

104 1929 376 1992 (creationis
391 1928 533 1988 lucis)
550 1925 758 1992 jusqu’ci
784 1925 832 1973 la
856 1927 1111 1974 nais-sance

103 2011 161 2059 de
192 2010 406 2070 l'lzomme
419 2023 447 2070 ,’
468 2012 656 2057 recitees
689 2008 813 2055 dans
840 2008 881 2056 le
897 2010 1114 2073 premier

102 2093 313 2158 chapitre
335 2090 454 2138 dela
477 2091 659 2139 Genese
678 2129 690 2150 ‚
720 2108 751 2155 y
782 2099 887 2137 sont
910 2090 1110 2138 divisees

104 2192 164 2222 en
190 2176 267 2222 six
294 2185 531 2233 temones,
563 2176 796 2220 nommees
825 2188 956 2219 Jonas
988 2171 1111 2219 dans

103 2272 190 2303 nos
220 2255 547 2317 traductions3
572 2264 635 2315 *et
659 2253 773 2311 c'est
808 2270 894 2301 sur
924 2252 1110 2301 l'inter-

99 2338 343 2402 pretation
378 2319 627 2391 commune
672 2336 729 2383 de
775 2353 824 2383 ce
871 2346 968 2383 mot
1021 2352 1111 2399 qne

106 2418 172 2465 les
197 2417 462 2465 incredules
486 2397 567 2465 ont
583 2418 728 2482 fonde
749 2417 874 2464 leurs
898 2425 1111 2480 altaques

61 2505 68 2509 “
106 2499 171 2547 les
179 2499 294 2566 plns
310 2501 567 2564 specienses
585 2508 745 2547 contre
758 2498 804 2546 la
816 2498 1106 2547 Revelation.

113 2582 214 2630 Car
248 2581 506 2645 quoiqu’ils
534 2580 775 2628 n'eussent
801 2598 889 2644 que
909 2581 1113 2646 sortpeu

109 2663 167 2711 de
194 2665 561 2710 connaissance-5
588 2679 647 2709 en
674 2661 881 2726 yeoloyie
899 2700 911 2721 ‚
937 2661 976 2708 il
1003 2664 1116 2710 etait

110 2745 211 2792 aise
255 2743 501 2809 d'opposer
538 2744 649 2791 bien
693 2743 772 2790 des
797 2743 1116 2808 phenomenes

109 2827 141 2875 ὰ
173 2843 265 2874 une
304 2826 571 2874 succession
608 2825 664 2871 de
701 2824 785 2872 tels
825 2829 1130 2872 evenements·

110 2910 198 2973 qui
220 2906 438 2956 n'aurait
466 2907 703 2955 embrasse
733 2923 822 2971 que
850 2910 915 2954 six
949 2904 1005 2953 de
1033 2923 1119 2953 nos

111 2992 238 3055 jours
268 2988 324 3036 de
352 2990 678 3053 vinqt-quatre
705 2987 889 3036 heures.
919 2987 1058 3035 [Mais
1082 2986 1124 3034 il

116 3077 184 3118 est
200 3070 387 3118 &vident
405 3087 504 3136 par
526 3069 566 3117 le
590 3078 709 3118 texte
734 3073 882 3116 meme
905 3086 994 3133 que
1009 3077 1121 3117 cette

114 3153 475 3217 interpretation
511 3161 577 3199 est
616 3156 806 3200 erronee
829 3187 845 3212 ‚
881 3162 969 3199 etc.
1013 3150 1123 3198 Haec

118 3233 277 3281 eadem
306 3235 466 3298 repetit
497 3233 551 3281 in
576 3236 669 3281 suis
691 3233 895 3298 epistolis
927 3233 1123 3298 physicis

118 3324 164 3362 et
190 3314 475 3374 moralibus,
518 3314 597 3363 De
634 3314 836 3362 historia
874 3312 1057 3361 telluris
1083 3322 1127 3362 et

120 3394 330 3443 hominis
350 3432 363 3454 ‚
400 3405 517 3444 tom.
548 3413 585 3443 11
605 3434 618 3456 ,
657 3414 759 3461 pag.
799 3394 897 3445 356
916 3433 928 3455 ‚
961 3398 1011 3442 in
1036 3398 1127 3442 suis

121 3475 404 3541 Principiis
417 3475 654 3541 theoloqioe
680 3477 956 3524 Theodiceoe
970 3485 1013 3524 et
1026 3493 1127 3524 mo-

119 3556 236 3604 ralis
251 3593 265 3617 ‚
289 3574 394 3622 pag.
420 3558 482 3605 23
500 3594 513 3618 ,
538 3568 582 3605 et
604 3561 836 3622 speciatim
860 3561 910 3606 in
937 3558 1125 3623 epistola

121 3639 320 3702 quadam
349 3657 462 3698 sua,
496 3657 638 3703 quam
681 3642 876 3688 inseruit
918 3639 1126 3688 relationi

122 3735 231 3767 cum
255 3719 433 3770 Tellero
468 3722 677 3769 ministro
714 3703 1018 3771 Berolinensi.
1053 3720 1128 3769 Sic

1195 1280 1309 1338 alii,
1337 1297 1362 1326 a
1394 1293 1595 1344 quorum
1632 1260 1906 1325 testimoniis
1936 1275 2206 1337 afferendis,

1189 1380 1249 1409 ne
1302 1361 1529 1424 longiores
1579 1360 1722 1406 simus
1749 1393 1765 1420 ,
1825 1359 2205 1423 supersedemus,

1190 1442 1486 1490 Recentiores
1515 1457 1619 1488 vero
1656 1441 1901 1486 unanimes
1929 1439 2025 1486 fere
2038 1441 2090 1486 in
2107 1456 2208 1486 eam

1191 1527 1465 1572 sententiam
1500 1540 1579 1571 seu
1610 1522 2039 1590 interpretationem
2076 1520 2204 1568 abie-

1190 1614 1321 1653 runt.
1629 1591 1631 1593 ι

1260 1685 1326 1750 (l)
1368 1682 1708 1747 Conchioloqia
1752 1681 1918 1747 fossile
1968 1682 2210 1747 subapen-¹

1191 1769 1318 1815 nina
1334 1805 1346 1827 ‚
1369 1778 1483 1814 tom.
1502 1783 1519 1812 1
1536 1801 1550 1825 ‚
1569 1782 1675 1829 pag.
1709 1780 1826 1830 217,
1848 1763 2024 1811 Milano
2049 1760 2207 1826 1814,

1192 1850 1273 1897 ubi
1302 1848 1460 1896 scribit
1493 1864 1506 1894 :
1536 1845 1637 1894 Del
1662 1847 1932 1893 rimanente
1955 1846 2012 1892 in
2029 1861 2208 1910 propo·

1194 1931 1380 1978 sizioni
1404 1937 1558 1976 recate
1589 1928 1806 1974 innanzi
1834 1929 1892 1973 in
1919 1933 2076 1990 questo
2105 1922 2207 1973 dis-

1192 2028 1322 2061 corso
1337 2026 1435 2057 non
1446 2012 1492 2057 si
1504 2025 1781 2074 opponqono
1789 2025 1880 2073 per
1892 2006 2025 2054 nulla
2038 2005 2207 2054 all’au-

1192 2095 1337 2142 toritd
1349 2090 1468 2139 della
1478 2091 1662 2149 habbia,
1675 2091 1796 2140 anzi
1805 2086 2154 2136 mirabilmente
2163 2089 2214 2135 vi

1193 2177 1240 2223 si
1252 2192 1340 2223 eon
1362 2189 1576 2231 emilane,
1588 2171 1771 2237 purch&
1787 2171 1833 2217 si
1844 2168 2001 2234 voqlia
2016 2177 2212 2216 ammet-

1195 2265 1313 2317 tere,
1360 2272 1488 2303 come
1513 2255 1654 2318 qravi
1685 2252 1848 2299 autori
1872 2250 2035 2297 hanno
2072 2258 2214 2297 soste-

1193 2347 1310 2386 nuto
1328 2376 1341 2397 ,
1369 2337 1489 2386 chei
1502 2337 1668 2401 qiorni
1691 2333 1811 2381 della
1835 2334 2086 2380 ereazione
2114 2347 2213 2378 non

1193 2437 1308 2468 sono
1337 2419 1602 2467 altrimenti
1627 2417 1793 2481 qiorni
1820 2413 1996 2474 solari,
2028 2429 2108 2460 ma
2131 2402 2214 2460 elie

1194 2508 1563 2567 rappresenteno
1579 2497 1776 2564 periodi
1792 2496 2214 2544 d’indeterminata

1197 2583 1488 2648 lunqlzezza.
1507 2581 1769 2645 quinnqo
1794 2578 1853 2630 di,
1863 2576 1963 2643 piz'c
1986 2597 2002 2623 .·
2035 2576 2083 2623 la
2108 2593 2216 2623 suc—

1197 2663 1691 2728 eessivaproduzione
1708 2659 1832 2723 deqlz·
1844 2659 1992 2706 esseri
2003 2658 2212 2716 viventi,

1198 2744 1334 2809 quale
1365 2745 1426 2807 fu
1452 2750 1633 2808 esposta
1662 2741 1725 2787 da
1751 2742 1838 2787 noi
1859 2777 1871 2797 ‚
1901 2740 2219 2802 qiustamente

1199 2826 1414 2891 quadra,
1445 2841 1535 2872 con
1563 2831 1740 2887 quanto
1774 2822 1911 2868 viene
1946 2818 2220 2867 dichiarato

1201 2909 1256 2954 in
1287 2906 1395 2971 quel
1430 2905 1571 2953 libro.
1602 2902 1738 2968 Quod
1776 2902 1944 2968 deinde
1981 2901 2082 2948 fuse
2115 2917 2219 2963 per-

1202 2992 1430 3054 sequitur.
1455 2986 1568 3035 Vid.
1602 2987 1747 3034 versio
1784 2986 1911 3031 citati
1947 2982 2038 3029 loci
2075 2982 2218 3029 latina

1204 3071 1261 3118 ad
1295 3071 1467 3119 calcem
1493 3070 1635 3133 hujus
1667 3067 1932 3115 voluminis.

1274 3153 1343 3217 (2)
1385 3149 1635 3214 Geoloqie,
1669 3166 1774 3213 pag.
1805 3144 1935 3210 408,
1971 3142 2063 3207 46(
2091 3181 2103 3204 ,
2132 3143 2220 3191 Pa-

1206 3224 1267 3282 ris
1302 3230 1450 3299 1829.

1275 3314 1338 3377 (3)
1360 3312 1582 3377 Geoloqie
1596 3307 2053 3367 elementairefflaris
2074 3304 2216 3366 1833,

1205 3414 1311 3461 pag.
1344 3393 1442 3456 63,
1480 3397 1611 3460 cujus
1649 3402 1824 3442 textum
1846 3390 2038 3438 inferius
2094 3388 2207 3436 affe-

1209 3495 1381 3525 remus.
1879 3513 1890 3530 ᾗ

1275 3560 1339 3622 (14)
1367 3558 1587 3623 Apposite
1601 3556 1856 3605 Demerson
1872 3570 1949 3617 op.
1967 3553 2048 3599 cit.
2066 3548 2217 3597 Avert.

1209 3658 1259 3705 p.
1286 3638 1319 3687 6
1350 3657 1363 3688 :
1395 3642 1467 3688 Le
1494 3648 1641 3703 temps
1657 3674 1670 3697 ‚
1692 3638 1846 3701 inquit
1864 3672 1877 3694 ,
1902 3634 1988 3697 qui
2008 3630 2105 3696 fait
2106 3631 2222 3695 jus-

1210 3722 1299 3769 tice
1343 3720 1399 3768 de
1431 3728 1530 3768 tout
1565 3736 1614 3768 ce
1644 3719 1728 3783 qui
1767 3714 1890 3763 n'est
1920 3730 2012 3780 pas
2042 3713 2189 3760 verite
2209 3747 2230 3773 5,
