2580 4152
357 251 434 308 64

1001 271 1206 309 ·'1·RAC'1·.
1255 271 1323 307 DE
1367 272 1472 309 1)Εο
1516 272 1846 310 ΟΒΕΑΤΟΒΕ-·

355 413 869 496 superstitiosiores
904 433 968 472 ac
1006 411 1242 492 magicis
1273 411 1495 471 artibus
1533 414 1787 473 maxime
1829 414 2092 475 addictos
2153 414 2328 475 fuisse
2357 461 2373 490 ‚
2417 428 2485 476 ut

347 515 473 589 Jam
490 509 715 568 dictum
735 520 845 581 est7
862 507 1159 567 novimus.
1182 509 1373 580 Quare
1391 509 1493 566 uni
1514 508 1776 589 religioni
1802 509 2127 570 christianae
2147 509 2484 594 philosophi

354 606 709 666 recentiores
749 614 1047 684 acceptam
1074 603 1292 662 referre
1335 601 1557 664 debent
1599 616 1822 664 rectam
1848 605 2153 684 judicandi
2197 606 2485 682 formam,

360 724 539 784 quam
565 699 675 759 sibi
704 697 996 757 tribuunt.

445 797 579 855 132.
628 793 715 856 Ad
739 794 846 868 5¹117
873 795 1030 853 Dist.
1061 795 1174 852 Per
1198 793 1493 875 integram
1520 795 1779 854 veritatis
1803 797 2191 856 testatissimae
2221 797 2487 857 destruc-

358 894 604 966 tionem7
637 912 833 963 conc.,·
861 910 967 971 per
1002 889 1370 948 moderatam
1395 888 1842 965 discussionem.
1870 913 1999 972 neq.
2036 895 2263 975 Nempe
2292 892 2489 975 philo-

359 987 528 1070 sophi
556 987 651 1044 isti
674 996 733 1045 et
754 984 1128 1044 rationalistae
1152 983 1543 1045 obtendentes
1580 984 1776 1045 delere
1816 1007 1876 1045 se
1903 1009 2142 1068 prorsus
2175 988 2326 1049 velle
2355 1010 2490 1069 reg-—

357 1106 506 1142 num
534 1081 911 1157 diabolicum,
929 1091 996 1138 ut
1023 1080 1475 1162 ipsiloquuntur
1502 1127 1516 1155 7
1544 1082 1735 1163 ipsam
1763 1081 2098 1141 daemonum
2121 1084 2491 1143 existentiam

357 1189 650 1260 negarunt
689 1189 893 1236 contra
934 1174 1149 1234 biblica
1181 1176 1377 1235 omnia
1413 1175 1767 1235 documenta
1794 1199 1859 1236 ac
1894 1178 2077 1236 totius
2115 1177 2364 1237 humani
2390 1199 2491 1258 ge-

358 1276 516 1336 neris
547 1295 898 1339 consensum
919 1319 934 1347 ,Ι
971 1283 1149 1354 atque
1179 1282 1381 1332 contra
1410 1272 1754 1332 traditiones
1777 1286 1899 1332 non
1928 1273 2234 1332 rudiorum
2255 1285 2493 1332 tantum

360 1370 465 1432 sed
490 1382 550 1430 et
579 1369 892 1429 cultiorum
924 1366 1301 1450 populorum.
1338 1366 1405 1425 Id
1435 1367 1697 1427 fecerunt
1723 1369 1881 1450 quod
1903 1368 2048 1427 alius
2073 1368 2322 1451 quilibet
2343 1414 2358 1445 ,
2391 1370 2494 1451 qui

358 1466 565 1527 volens
598 1465 843 1523 domum
866 1484 1114 1543 purgare
1141 1508 1156 1537 7
1187 1484 1318 1522 eam
1345 1462 1629 1522 incendit.

448 1561 582 1620 133.
634 1559 725 1620 Ad
752 1561 857 1633 6¹1¹7
889 1561 1046 1619 Dist.
1078 1559 1153 1617 At
1185 1579 1496 1640 perperam
1518 1604 1534 1632 ,
1568 1580 1763 1626 conc.,·
1778 1564 1912 1638 jure
1934 1605 1950 1634 .,
1980 1581 2112 1639 neq.
2142 1561 2335 1639 Longe
2363 1581 2491 1620 me-

360 1658 471 1717 lius
515 1679 694 1739 quam
727 1653 1098 1715 rationalistae
1125 1653 1187 1712 id
1212 1655 1592 1736 praestiterint
1623 1700 1638 1729 7
1678 1654 1879 1717 divina
1907 1654 2187 1715 revelatio
2222 1655 2491 1737 quemvis

360 1893 501 1940 simis
531 1908 632 1940 suae
672 1890 979 1938 societatis...
1008 1890 1096 1954 qui
1131 1906 1189 1937 ea·
1223 1888 1385 1937 nobili

324 1963 326 1965 .
365 1974 455 2024 W
450 1973 704 2040 estphalici
744 1971 923 2021 circuli
959 1973 1108 2037 stirpe
1145 1971 1384 2020 oriundus

360 2066 492 2117 erat,
542 2059 689 2122 inque
732 2056 871 2104 odore
913 2055 1188 2102 sanctitatis
1229 2054 1380 2116 obiit,

361 2140 519 2189 subdit
551 2138 576 2205 ἓ
605 2155 669 2206 97
714 2156 728 2187 z
770 2137 1067 2186 Excellentis
1105 2136 1254 2203 hujus
1287 2138 1387 2184 viri

358 2225 591 2271 memoria
616 2221 824 2269 eruditis
854 2222 1000 2268 etiam
1025 2228 1068 2267 et
1085 2219 1385 2286 sapientibus

357 2308 418 2354 iu
435 2308 595 2371 pretio
617 2322 713 2353 esse
739 2303 872 2351 debet
899 2303 954 2350 ob
979 2304 1304 2368 conscriptum
1324 2301 1384 2348 li-

358 2388 528 2448 hrum,
553 2389 638 2436 cui
669 2385 862 2435 titulum
895 2385 1025 2432 dedit
1052 2403 1070 2432 .·
1100 2384 1262 2433 Cautio
1289 2386 1384 2432 cri-

360 2471 549 2520 minalis
583 2473 704 2518 circa
741 2486 982 2534 processus
1021 2478 1178 2516 contra
1221 2485 1380 2531 sagas,

359 2556 448 2619 qui
470 2553 574 2618 fuit
598 2569 884 2617 maqnopere
906 2549 1197 2611 celebratus,
1237 2551 1384 2614 inque

358 2638 525 2685 varias
565 2635 763 2699 linquas
808 2633 1091 2682 translatus.
1122 2629 1173 2680 A
1210 2649 1383 2697 maqno

358 2718 580 2768 Elector‘e
611 2719 937 2783 Moquntiuo,
962 2716 1144 2764 Joanne
1169 2714 1383 2780 Philippo

360 2803 735 2852 Schroenbornio
754 2839 767 2862 ‚
815 2801 1194 2848 eminentissimi
1237 2797 1290 2846 E
1291 2797 1383 2845 lec-

359 2888 480 2937 toris
503 2885 795 2934 hodierni...
808 2892 985 2950 patruo
1003 2920 1015 2943 ‚
1042 2881 1202 2930 didici
1220 2919 1232 2941 ‚
1255 2881 1383 2929 hunc

352 2976 548 3034 patrem
567 3005 579 3027 ‚
638 2983 750 3014 cum
805 2967 862 3012 in
906 2965 1192 3013 Franconia
1232 2972 1379 3023 esset,

360 3049 554 3116 quando
583 3049 639 3096 in
667 3049 844 3112 mayioe
870 3045 1123 3094 diabolica»
1153 3061 1254 3093 reos
1286 3045 1379 3091 ha-

361 3132 482 3195 bitos
502 3133 613 3196 ique
637 3130 926 3179 saeviebatur
939 3166 952 3188 ,
974 3136 1020 3175 et
1036 3126 1300 3193 complures
1318 3126 1384 3174 ad

360 3231 533 3279 roqum
559 3215 813 3261 comitatus
824 3212 1026 3276 fuisset,
1045 3227 1161 3275 quos
1186 3227 1244 3257 ex
1266 3226 1381 3258 con-

356 3295 655 3363 fessionibus
698 3303 743 3342 et
775 3292 1215 3360 perquisitionibus
1257 3309 1288 3339 a
1333 3308 1382 3340 se

358 3380 505 3445 factis
517 3382 729 3426 insontes
745 3393 906 3425 omnes
923 3375 1207 3442 aqnoscebat
1223 3413 1235 3436 ‚
1265 3374 1382 3423 adeo

362 3470 647 3511 commotum
677 3460 834 3525 juisse
855 3498 867 3519 ‚
902 3467 959 3506 ut
976 3457 1196 3524 periculo
1217 3495 1229 3516 ‚
1257 3457 1386 3522 quod

362 3546 542 3594 veritas
560 3542 803 3609 patefacta
841 3551 943 3589 tum
975 3542 1198 3606 temporis
1215 3542 1384 3605 parie-

364 3627 476 3688 bat,
508 3624 640 3674 nihil
658 3626 854 3673 territus
872 3661 885 3684 ‚
915 3640 1034 3690 opus
1065 3622 1151 3672 hoc
1172 3624 1384 3671 conscri-

365 3709 472 3758 bere
503 3710 725 3758 statuerit
751 3708 924 3771 (tacito
952 3715 1113 3754 tamen
1131 3706 1346 3766 nomine)
1367 3743 1381 3765 ,

364 3791 492 3857 quod
513 3793 686 3858 inqens
707 3790 900 3855 fructus
921 3790 1134 3855 excepit,
1168 3787 1384 3854 quodque

1467 1890 1522 1937 in
1547 1888 1634 1937 hoc
1663 1898 1943 1954 arqumento
1979 1887 2118 1937 illum
2150 1891 2312 1955 ipsum
2345 1888 2489 1938 Elec-

1466 1980 1677 2020 torem...
1718 1972 1778 2019 ab
1805 1989 1962 2020 errore
1987 1971 2220 2038 populari
2246 1973 2311 2020 ad
2337 1973 2493 2020 mitio-

1466 2071 1566 2102 rem
1596 2055 1919 2119 verioremque
1932 2056 2216 2103 sententiam
2233 2054 2459 2102 traduxit
2476 2093 2489 2115 ‚

1466 2154 1577 2185 cum
1606 2139 1682 2198 is,
1723 2137 1875 2185 simul
1905 2146 2045 2202 atque
2078 2140 2294 2202 reqimen
2330 2140 2492 2203 auspi·

1466 2229 1604 2269 catus
1634 2229 1728 2282 est,
1750 2222 2021 2269 exustiones
2041 2222 2160 2268 istas
2183 2222 2491 2286 compescuis-

1466 2312 1566 2362 set,
1612 2305 1670 2350 in
1721 2321 1813 2368 quo
1862 2320 2082 2368 sequaces
2126 2302 2299 2351 habuit
2349 2303 2493 2350 duces

1466 2386 1897 2446 Brunswicenses,
1943 2403 1999 2434 ac
2038 2385 2242 2450 denique
2268 2388 2494 2450 potentis·

1466 2469 1645 2515 simam
1674 2467 1885 2516 aliorum
1913 2467 2194 2516 Germanice
2205 2469 2493 2534 principum

1467 2559 1771 2616 statuumque
1799 2559 2008 2616 partem.
2053 2551 2180 2598 Frid.
2217 2551 2491 2614 Bierlingius

1467 2632 1579 2682 alter
1598 2634 1914 2697 Lutheranus,
1935 2634 1991 2682 de
2009 2634 2169 2682 eodem
2187 2633 2241 2680 P.
2261 2630 2378 2696 Spee
2396 2632 2490 2679 dis-

1468 2733 1619 2764 serens
1644 2733 1657 2764 :
1683 2713 1823 2764 Inter
1848 2715 2124 2780 sinqularia
2145 2752 2158 2775 ,
2177 2717 2355 2779 inquit,
2374 2730 2490 2761 sane

1468 2798 1768 2863 referendum
1787 2836 1800 2858 ,
1821 2800 1954 2846 circa
1970 2800 2065 2845 ista
2095 2806 2305 2862 tempora
2327 2799 2490 2844 ‘cirum

1458 2881 1725 2946 pontificiae
1784 2880 2012 2943 reli'qioni
2068 2878 2318 2926 addictum
2368 2877 2490 2926 talia

1464 2962 1667 3012 scribere
1694 2979 1869 3010 ausum
1889 2962 2045 3026 fuisse
2063 2998 2076 3024 ‚
2113 2977 2220 3026 quae
2248 2960 2387 3008 hodie
2405 2963 2489 3008 viz·

1463 3047 1593 3093 inter
1609 3045 1930 3092 Protestantes
1953 3043 2131 3110 ubique
2142 3043 2359 3109 proferre
2382 3043 2491 3091 licet

1463 3126 1654 3174 homini
1685 3124 1892 3175 candido
1928 3135 1973 3174 et
2015 3127 2233 3173 veritatis
2262 3128 2454 3173 amanti
2472 3163 2484 3185 ,

1464 3210 1570 3256 nisi
1588 3207 1809 3274 illepidus
1826 3210 2234 3256 murmurationes
2258 3209 2487 3256 adversus

1465 3308 1512 3340 se
1533 3294 1743 3340 excitare
1762 3290 1887 3339 velit.
1915 3291 2022 3353 (De
2029 3290 2373 3357 pyrrhonismo
2393 3290 2487 3339 his-

1463 3376 1645 3434 torico,
1690 3391 1792 3439 cap.
1844 3371 1877 3436 4
1897 3411 1909 3433 ,
1960 3371 1986 3438 3
2025 3372 2054 3421 5
2079 3412 2091 3433 ,
2138 3392 2189 3422 n.
2241 3390 2269 3421 2
2293 3375 2327 3437 ).
2375 3372 2486 3420 Dixi

1456 3459 1689 3524 primum·
1704 3458 1842 3505 fuisse
1859 3456 1911 3505 P.
1932 3455 2049 3522 Spee
2069 3494 2080 3516 ‚
2101 3458 2209 3506 licet
2235 3458 2358 3504 enim
2380 3466 2490 3503 ante

1464 3544 1619 3605 ipsum
1648 3539 1698 3586 P.
1733 3539 1974 3587 Tannerus
2007 3539 2158 3605 ejusd.
2190 3537 2298 3587 Soc.
2332 3540 2383 3584 in
2406 3553 2489 3585 sua

1476 3620 1734 3687 Theoloqia
1760 3620 1979 3670 scholast.
2018 3631 2209 3670 conatus
2239 3621 2376 3668 fuerit
2412 3619 2489 3667 ali-

1467 3705 1595 3772 quod
1615 3704 1874 3753 remedium
1901 3713 2031 3752 tanto
2062 3704 2183 3753 malo
2213 3702 2412 3767 afferre3
2445 3711 2489 3750 at

1467 3789 1544 3836 vix
1568 3787 1744 3854 aliquid
1780 3786 2056 3853 profecerat.
