2580 4152
2084 206 2162 268 95

59 356 246 415 multo
262 356 454 414 minus
472 354 673 416 asserit
693 399 708 427 7
739 352 896 434 quod
918 354 971 412 ei
986 354 1281 435 affingitur
1294 400 1311 431 ,
1329 376 1395 415 ea
1418 377 1668 435 corpora
1690 377 1804 414 esse
1823 361 1892 414 in
1908 359 2043 416 eceli
2053 358 2164 417 for-

61 452 188 510 nice
213 448 393 511 veluti
419 447 604 507 defixa
625 492 640 520 a
670 447 828 529 quod
857 469 977 506 non
999 460 1092 507 est
1106 451 1216 508 nisi
1241 449 1705 510 adversariorum
1732 451 2159 532 interpretatio,

146 544 277 604 198.
325 542 415 602 Ad
452 542 555 615 3¹1¹,
593 545 751 602 Dist.
789 541 879 600 Oh
904 543 1193 603 rationem
1216 545 1707 626 nuper-allatam,
1743 568 1937 620 eom-‚5
1956 568 2118 606 secus
2145 592 2161 622 ‚

62 661 188 718 oley.
224 635 504 696 Addenda
533 646 814 717 praeterea
842 648 979 695 sunt
998 682 1014 711 .,
1044 659 1174 719 quae
1205 638 1278 699 de
1307 638 1535 699 dierum
1569 640 1780 700 horum
1820 653 2029 700 natura
2066 664 2167 700 su·

58 733 250 814 perius
276 731 738 811 significavimuS.

145 827 279 884 199.
329 825 418 884 Ad
444 826 549 900 4¹1¹,
577 826 730 907 Neq.
760 826 1014 907 pariter3
1042 848 1225 908 quum
1249 829 1462 888 iterum
1496 829 1606 889 hoc
1634 852 1757 889 non
1781 831 1857 889 sit
1892 832 2003 889 nisi
2035 854 2168 911 gra-

59 921 274 979 tuitum
306 919 517 979 horum
545 919 890 979 biblicorum
927 920 1230 1000 glossema.
1261 925 1561 1006 Nusquam
1588 927 1812 1005 Moyses
1838 925 2024 986 nubes
2065 948 2170 989 ex-

60 1014 225 1074 hibet
267 1027 334 1073 ut
381 1015 631 1074 solidum
690 1016 988 1097 quoddam
1045 1016 1349 1076 diductum
1379 1064 1395 1092 ,
1446 1041 1562 1099 quo
1622 1041 1789 1101 aquae
1844 1023 2170 1103 superiores

62 1110 479 1169 distinerentur
503 1110 576 1169 ab
610 1110 981 1169 inferioribus
1007 1135 1023 1184 ς
1060 1111 1161 1170 sed
1189 1113 1626 1172 firmamentum
1651 1157 1674 1186 ,
1699 1115 1762 1173 id
1793 1127 1880 1174 est
1900 1162 1915 1191 ⁷
1949 1129 2172 1176 atmos-

61 1203 320 1286 phaeram
344 1204 578 1264 exhibet
596 1204 962 1263 detinentem
984 1206 1163 1286 aquas
1183 1208 1533 1288 superiores,
1561 1230 1771 1290 easque
1795 1209 2167 1272 dividentem

64 1298 138 1358 ab
163 1292 526 1358 inferioribus
545 1343 562 1373 ,
592 1298 750 1379 quod
771 1298 1008 1379 quidem
1032 1301 1440 1382 atmosphaerae
1478 1302 1734 1362 officium
1759 1325 1882 1364 esse
1908 1305 2034 1388 ipsa
2073 1326 2170 1365 re-

418 230 575 267 rsnr.
622 229 689 266 11.
734 225 856 266 cAP.
904 228 972 265 11.
1021 228 1089 264 nn
1133 210 1377 267 moss'icA
1421 226 1789 268 cosnocomA.

60 1414 196 1452 cens
218 1392 455 1474 physica
485 1392 656 1452 docet
692 1391 803 1473 (l).

133 1584 199 1645 (l)
236 1581 398 1630 Nescio
417 1600 556 1647 quare
571 1582 892 1631 Rosenmiiller
911 1599 1074 1631 vocem

64 1664 220 1741 {2953ss
273 1666 458 1712 verterit
505 1661 709 1711 solidam
761 1680 1029 1730 expansum
1059 1679 1073 1726 3

82 1738 108 1742 -
155 1737 165 1747 ,
195 1735 223 1754 Τ

66 1793 183 1841 illud
228 1794 352 1839 enim
399 1790 605 1839 solidum
644 1793 702 1841 de
740 1809 827 1840 suo
870 1793 1074 1858 adjecit,

66 1891 174 1922 eum
204 1890 296 1922 vox
320 1875 427 1933 ista,
452 1891 552 1939 quae
584 1883 650 1921 est
678 1892 702 1921 a
720 1875 872 1950 9535,
893 1891 1079 1939 expan-

781 1935 854 1966 -'·!·

69 2002 142 2050 dit
159 2039 172 2062 ‚
203 2002 412 2049 extendit
428 2010 516 2050 etc.
536 2002 593 2050 de
607 2020 655 2051 se
671 2004 866 2052 minime
883 2005 1082 2067 postulet

66 2084 294 2149 ejusmodi
307 2082 451 2131 solidi
471 2086 709 2132 notionem
730 2121 743 2143 ‚
770 2085 850 2133 sed
865 2086 952 2133 hac
968 2102 1080 2136 voce

70 2164 254 2230 Moyses
271 2203 285 2224 ‚
308 2175 360 2212 ut
380 2175 503 2229 patet
518 2183 572 2214 ex
596 2176 814 2214 contextu
829 2203 842 2226 ‚
866 2167 1083 2233 designa·

70 2248 136 2294 vit
150 2247 516 2311 atmosphaeram‚
536 2263 641 2312 quae
657 2247 849 2311 globum
865 2259 1078 2298 nostrum

73 2327 422 2386 circumambit,
464 2331 596 2395 cujus
633 2331 871 2394 potissime
907 2331 1082 2396 duplex

75 2407 280 2456 officium
314 2418 410 2468 est,
439 2410 722 2474 impediendi
755 2429 923 2476 nempe
955 2431 1082 2478 pres-

74 2492 202 2537 sione
239 2507 321 2536 sua
360 2507 496 2553 super
529 2489 711 2539 tulluris
752 2493 1079 2556 superficiem,

73 2589 133 2619 ne
164 2587 294 2636 aquae
324 2571 561 2620 inferiores
589 2589 771 2620 sursum
806 2574 1014 2623 ferantur
1039 2585 1084 2624 et

75 2671 155 2719 per
167 2655 535 2718 evaporationem
551 2653 766 2702 diffluant
781 2690 794 2713 ,
812 2664 857 2702 et
876 2672 936 2703 ne
953 2672 1084 2721 aquae

77 2738 327 2800 superiores
358 2752 438 2783 seu
470 2752 659 2799 vapores
684 2738 736 2783 in
771 2746 933 2784 terram
957 2736 1083 2786 deci-

78 2818 189 2866 dant
221 2855 235 2878 ‚
280 2817 406 2883 quod
454 2827 689 2882 propterea
743 2821 1086 2867 accuratissime

79 2901 293 2963 expressit
322 2898 501 2963 Moyses
535 2901 673 2946 etiam
703 2901 832 2964 juxta
864 2902 1084 2947 recentio-

80 2997 183 3027 rum
209 2980 503 3044 physicorum
538 2979 703 3044 placita
724 3017 737 3040 ‚
768 2981 880 3028 dum
910 2982 1085 3029 factum

80 3080 105 3109 a
132 3060 230 3109 Deo
253 3059 388 3108 tradit
419 3061 766 3109 firmamentum
786 3099 799 3120 ‚
838 3081 931 3128 quo
963 3063 1085 3111 divi-

82 3144 303 3191 derentur
322 3159 448 3207 aquae
474 3143 533 3191 ab
555 3146 705 3209 aquis.
739 3143 961 3209 Congruit
982 3160 1085 3193 ara·

78 3264 182 3313 bica
216 3280 301 3313 vox
337 3230 479 3364 &t
525 3267 725 3332 stipavit
754 3283 852 3314 rem
882 3266 1088 3332 aliquam

84 3386 223 3435 veluti
250 3396 443 3451 puteum
478 3404 539 3434 ne
575 3396 832 3437 corrueret.
864 3386 987 3452 Quid
1030 3388 1089 3437 ad

84 3486 167 3516 nos
184 3505 197 3528 ‚
229 3471 266 3517 si
304 3468 536 3516 Homerus
554 3506 567 3529 ‚
590 3469 921 3535 Empedocles,
955 3471 1089 3519 Arte-

86 3549 290 3597 midorus
319 3552 546 3615 ceterique
561 3554 690 3614 graeei
720 3554 813 3600 sive
833 3556 973 3616 poetae
995 3555 1092 3600 sive

87 3630 341 3695 philosophi
359 3667 372 3691 ,
406 3631 580 3678 rudiori
608 3649 699 3697 qua
715 3633 963 3682 utebantur
980 3633 1092 3698 phy·

84 3712 174 3759 sica
192 3748 206 3772 ‚
238 3714 497 3761 censuerint
523 3712 690 3761 coelum
718 3712 917 3762 solidum
951 3730 1047 3763 esse
1068 3716 1093 3760 ’ἶ

1158 1584 1267 1650 Quae
1293 1590 1534 1636 conventio
1560 1589 1733 1655 Moysis
1753 1591 1812 1640 ad
1842 1592 2175 1659 philosophos?

1159 1667 1226 1715 lta
1256 1677 1412 1717 tamen
1444 1688 1492 1718 se
1525 1689 1596 1719 res
1628 1672 1766 1721 habet
1801 1691 1814 1721 :
1853 1677 1925 1723 isti
1952 1678 2174 1725 neoterici

1160 1761 1500 1799 consueverunt
1529 1753 1588 1800 ad
1618 1755 1834 1818 profanos
1861 1766 2068 1805 auctores
2099 1757 2177 1805 bi-

1160 1830 1254 1878 blia
1277 1835 1454 1897 exigere
1473 1871 1486 1893 ‚
1515 1845 1567 1882 ut
1587 1837 1641 1882 iis
1668 1836 1917 1901 affingant,
1938 1855 2041 1904 quae
2065 1857 2175 1887 nus-

1162 1930 1303 1977 quam
1328 1914 1584 1963 docuerunt
1604 1953 1618 1975 ‚
1639 1927 1684 1965 et
1713 1919 1798 1965 hac
1821 1921 1997 1981 ratione
2023 1921 2177 1969 inere-

1162 1994 1380 2044 dulorum
1427 2000 1850 2062 oppugnationibus
1889 1999 2176 2066 Scripturam

1163 2077 1404 2143 objiciant.
1421 2077 1684 2128 Dolendum
1703 2098 1871 2130 verum
1896 2092 1963 2152 est
1986 2082 2049 2132 D.
2068 2082 2177 2132 Cal-

1163 2171 1258 2208 met
1279 2198 1292 2222 ‚
1313 2163 1364 2208 in
1386 2160 1568 2210 dissert.
1590 2161 1672 2210 De
1693 2163 1875 2212 mundi
1898 2166 2139 2213 creatione
2155 2200 2174 2228 ‚

1162 2244 1393 2307 praeivisse
1422 2245 1755 2293 recentioribus
1787 2245 1970 2295 biblicis
2003 2257 2180 2312 protes-

1163 2324 1369 2372 tantibus
1397 2327 1447 2372 in
1465 2325 1726 2375 tribuendis
1763 2327 1917 2393 Moysi
1946 2328 2178 2377 erroribus

1163 2417 1321 2455 contra
1354 2407 1625 2472 physicam3
1666 2409 1723 2457 de
1755 2427 1848 2474 quo
1877 2417 2064 2459 aueto're
2101 2426 2177 2474 ap·

1163 2491 1309 2553 posite
1356 2489 1503 2538 Feller
1527 2492 1590 2539 ait
1633 2507 1647 2538 z
1681 2490 1806 2538 C'est
1830 2500 2018 2539 sartout
2050 2490 2178 2538 l'his-

1163 2573 1281 2618 toire
1330 2570 1387 2617 de
1415 2570 1461 2617 la
1511 2574 1726 2619 creation
1771 2589 1861 2636 que
1901 2590 1952 2620 ee
1997 2572 2176 2620 celebre

1163 2661 1535 2701 commentamur
1587 2654 1694 2702 s’est
1732 2653 1823 2719 plu
1857 2655 1888 2701 ὰ
1930 2652 2182 2702 οηώνοαὶῖ·

1164 2734 1251 2794 ler,
1274 2750 1334 2781 en
1347 2735 1618 2782 attribuant
1629 2735 1660 2782 ὰ
1674 2739 1840 2784 Μοϊεε
1856 2735 1938 2783 des
1954 2737 2182 2801 opinions

1130 2839 1134 2843 «
1160 2815 1347 2880 faus-ses
1380 2832 1468 2863 sur
1502 2815 1548 2862 la
1581 2815 1820 2882 physique
1850 2817 1916 2864 du
1955 2816 2128 2864 monde
2158 2833 2189 2878 ‚·.

1166 2900 1290 2945 niais
1315 2897 1481 2962 quand
1509 2914 1570 2945 on
1593 2901 1818 2946 examine
1857 2898 1899 2946 le
1927 2907 2049 2946 tea-le
2068 2935 2082 2958 ‚
2117 2915 2182 2946 on

1166 2988 1234 3026 est
1262 2981 1451 3044 surpris
1479 2978 1535 3026 de
1563 2979 1645 3043 n'y
1666 2996 1761 3045 pas
1800 2988 1990 3028 trouver
2012 2997 2064 3027 oe
2092 2996 2184 3044 que

1166 3059 1207 3107 le
1235 3069 1407 3108 savant
1432 3060 1723 3109 Benedictin
1746 3079 1774 3108 a
1797 3078 1885 3109 cru
1907 3079 1938 3125 y
1962 3063 2082 3109 voir.
2101 3063 2183 3109 La

1158 3141 1395 3208 physique
1424 3142 1480 3190 de
1506 3143 1666 3190 Moise
1690 3151 1758 3190 est
1782 3142 1828 3190 la
1848 3142 1964 3208 plus
1981 3141 2180 3208 simple,

1169 3223 1215 3271 la
1234 3222 1351 3288 plus
1380 3224 1580 3272 modeste
1600 3262 1613 3283 ‚
1641 3223 1688 3273 Ia
1702 3223 1818 3290 plus
1843 3227 1955 3272 sare
1967 3260 1984 3286 ,
2005 3226 2094 3289 qui
2114 3225 2188 3270 ait

1154 3306 1343 3370 jamais
1356 3309 1425 3352 ete
1441 3307 1601 3354 ecrite,
1612 3341 1623 3354 .
1634 3341 1645 3354 .
1662 3305 1703 3353 le
1723 3305 1894 3353 monde
1910 3305 1966 3353 de
1984 3306 2146 3353 lisoise
2164 3342 2178 3365 ‚

1156 3389 1213 3452 je
1237 3404 1359 3434 veum
1383 3386 1487 3435 dire
1502 3425 1515 3446 ,
1535 3404 1620 3435 son
1647 3389 1762 3435 reeit
1788 3387 1844 3435 de
1875 3386 1923 3435 la
1943 3388 2186 3445 ονέαιίοη,

1173 3476 1240 3515 est
1273 3485 1332 3516 en
1356 3469 1740 3528 consideration,
1772 3470 1922 3516 meme
1963 3467 2079 3516 ohez
2119 3466 2188 3514 les

1175 3549 1388 3612 infideles
1411 3550 1581 3616 depuis
1607 3550 1737 3600 5000
1764 3566 1856 3598 ans
1872 3587 1885 3609 ‚
1921 3548 2084 3597 tondis
2097 3565 2190 3612 que

1176 3629 1240 3677 les
1257 3633 1475 3694 systemes
1496 3629 1562 3680 les
1581 3631 1696 3698 plus
1725 3632 1990 3695 inqenieuzv
2017 3646 2066 3676 se
2085 3637 2191 3677 som

1176 3713 1406 3760 evanom's
1446 3728 1508 3760 en
1539 3729 1590 3762 se
1632 3713 1859 3761 devorant
1890 3709 1955 3759 les
1998 3727 2092 3760 uns
2125 3709 2191 3760 les
