2580 4152
465 283 619 321 mar.
669 284 711 319 1.
760 282 880 320 car.
929 282 994 319 11.
1043 281 1112 321 nr:
1152 251 1379 320 aarum
1423 281 1780 320 suesionum.
2082 248 2153 323 17

66 424 317 484 hausisse
335 422 649 481 arbitratur
675 423 942 482 Petavius
969 422 1079 500 (1).
1110 423 1379 482 Ceterum
1406 421 1497 480 his
1513 420 1778 481 Patribus
1801 421 1995 503 plures
2021 422 2163 483 alios·

69 518 412 601 opponimus
431 563 447 591 7
477 517 576 598 qui
603 517 739 575 data
768 536 941 597 opera
967 515 1129 574 illam
1158 515 1415 575 fabulam
1437 515 1794 575 refellerant.
1828 507 1998 576 Certe
2021 517 2166 576 Phi—‘

68 613 297 671 lastrius
334 611 639 670 Brixiensis
687 611 748 668 in
780 609 885 668 lib.
938 611 1026 669 De
1065 612 1388 670 luere-sibus
1429 632 1558 669 eam
1603 609 1939 692 opinionem
1978 655 1993 685 7
2029 633 2162 692 quae

69 705 266 764 asserit
298 750 314 778 7
358 706 608 784 Anqelos
662 725 718 762 se
775 708 1080 763 miscuisse
1123 727 1264 763 cum
1328 709 1581 783 feminis
1630 716 1766 763 ante
1821 706 2128 763 diluvium
2146 751 2164 779 7

69 811 124 858 et
147 800 286 857 inde
315 821 428 858 esse
459 810 629 857 natos
659 804 928 879 yzyantes
942 843 962 870 7
998 800 1152 857 inter
1195 799 1442 858 haereses
1481 798 1659 858 refert
1686 800 1797 879 (2).
1832 800 1916 857 Ex
1957 797 2167 880 quibus

70 893 558 974 deprehendimus
586 893 738 951 hanc
767 893 1119 951 sententiam
1147 915 1453 974 nunquam
1481 893 1653 953 fuisse
1684 893 2078 954 universalem
2103 892 2170 952 in

70 987 470 1061 Ecclesia7’sed
491 1009 720 1068 prorsus
752 984 1100 1066 singularem
1125 987 1358 1045 illorum
1388 989 1628 1045 Patrum
1648 1032 1663 1061 7
1694 1009 1837 1069 quos
1883 989 2166 1048 recensui-

70 1103 222 1156 mus7
244 1082 506 1163 nihilque
530 1081 665 1140 inde
686 1082 884 1140 inferri
909 1080 1245 1139 detrimenti
1272 1079 1548 1142 adversus
1574 1101 1761 1139 sacras
1783 1083 2125 1143 traditiones
2146 1127 2163 1156 7

71 1188 138 1234 ut
172 1179 563 1235 Protestantes
600 1174 863 1261 plerique
890 1185 1222 1232 autumant.

154 1271 253 1328 29.
278 1270 366 1329 Ad
382 1271 484 1344 5¹¹¹,
499 1269 651 1348 Neq.
673 1268 822 1326 Tum
836 1269 898 1326 10
915 1268 1046 1349 quia
1063 1267 1327 1327 nondum
1346 1269 1712 1350 exploratum
1729 1280 1818 1328 est
1833 1288 1969 1330 voce
1985 1250 2175 1370 Πῖξξέῐ

72 1404 424 1494 (nephalim)
440 1403 706 1463 homines
734 1403 1020 1483 designari
1040 1402 1510 1463 extraordinariae
1531 1404 1926 1486 proceritati83
1957 1406 2181 1465 etenim

72 1500 107 1557 J
110 1498 204 1569 ob.
236 1500 260 1557 I
285 1544 300 1574 7
333 1499 405 1556 15
434 1499 683 1559 vertitur
705 1503 1003 1557 irruentes
1023 1543 1039 1573 7
1066 1498 1127 1556 id
1158 1511 1264 1574 est7
1291 1498 1594 1580 praedones
1621 1499 1879 1558 latrones
1899 1543 1915 1574 7
1945 1501 2043 1580 qui
2065 1499 2179 1558 for-

72 1603 222 1652 tasse
244 1594 402 1674 equis
429 1592 738 1652 latrocinia
760 1604 1117 1667 exercerent7
1141 1602 1207 1650 ut
1223 1592 1480 1652 Arabum
1495 1592 1669 1652 hodie
1694 1592 1847 1667 bene
1873 1594 2045 1652 multi
2064 1639 2079 1669 7
2107 1615 2180 1653 ex

74 1709 188 1768 quo
211 1709 419 1768 genere
456 1689 631 1747 etiam
658 1689 930 1747 Centauri
958 1689 1287 1746 Graecorum
1311 1687 1568 1747 fuerunt.
1603 1687 1808 1769 Aquila
1833 1699 1892 1748 et
1914 1690 2182 1769 Symma-

74 1781 214 1841 chus
244 1781 517 1842 videntur
539 1785 792 1841 latrones
813 1781 1164 1849 intellexisse
1190 1808 1206 1856 ς
1246 1780 1500 1841 Onkelos
1533 1783 1708 1844 vertit
1730 1786 1916 1863 fortes
1932 1807 1960 1855 ,·
1981 1784 2060 1842 ita
2095 1784 2183 1842 in-

76 2013 159 2062 De
203 2013 321 2061 idol.
359 2030 459 2078 cap.
507 2031 572 2081 9,
618 2024 751 2062 vocat
789 2013 1086 2079 feminarum
1167 2015 1355 2078 gratiam
1378 2015 1683 2063 imitarentur.
1702 2013 1754 2063 S.
1782 2013 1982 2063 Hilarius
2008 2014 2184 2064 Pictav.

9 2124 13 2128 Α
76 2103 306 2144 amatores
328 2133 342 2156 7
366 2098 447 2161 qui
467 2132 480 2155 7
511 2106 562 2144 ut
575 2095 844 2161 loquiturin
862 2096 981 2144 libro
1013 2093 1087 2143 De

76 2177 244 2226 habitu
288 2176 518 2225 muliebri
538 2214 552 2236 7
598 2194 696 2242 cap.
743 2193 771 2224 2
794 2215 806 2236 7
853 2177 918 2225 ad
956 2177 1088 2241 filias

79 2258 328 2307 hominum
350 2259 406 2307 de
420 2258 529 2307 coelo
544 2268 764 2308 ruerunt.
785 2259 973 2308 Auctor.
998 2259 1087 2308 lib.

43 2342 45 2345 ’
85 2337 155 2388 De
174 2340 411 2405 sinqular.
435 2340 610 2390 Cleric.
627 2343 745 2389 inter
761 2358 896 2406 opera
907 2341 1087 2407 S.Cyp.

88 2423 150 2469 ait
170 2439 183 2469 :
205 2422 440 2488 Novimus
465 2431 509 2471 et
533 2421 745 2487 Anqelos
761 2439 869 2471 cum
891 2422 1092 2488 seminis

87 2501 326 2550 cecidisse.
339 2503 560 2552 Eamdem
577 2507 842 2569 opinionem
858 2522 911 2553 ex
929 2505 1010 2553 eod
1018 2523 1091 2553 em

88 2582 208 2631 libro
244 2587 438 2631 mutuati
457 2595 562 2632 sunt
580 2585 787 2634 Justinus
806 2623 819 2646 7
852 2584 1000 2652 Apol.
1041 2603 1058 2632 1
1075 2624 1088 2646 7

91 2682 224 2712 num.
251 2662 312 2727 53
341 2665 554 2714 Lactant.
574 2662 886 2715 Divin.imt.
914 2666 1003 2715 lib.
1028 2684 1090 2727 117

93 2762 193 2810 cap.
224 2745 281 2792 15
303 2781 316 2804 7
346 2744 573 2809 Sulpicius
594 2746 810 2807 Severus,
838 2742 956 2796 Sao.
978 2747 1091 2796 hist.

92 2824 177 2875 lib.
223 2843 257 2876 1.
295 2826 450 2891 Quum
488 2838 646 2875 tamen
686 2845 823 2877 nemo
870 2832 1092 2889 istorum,
1131 2838 1135 2842 ”

95 2918 251 2971 praeter
278 2907 613 2957 Tertullianum
629 2947 642 2968 7
661 2909 767 2957 libri
787 2910 978 2958 Henoch
1000 2913 1096 2959 sin-

98 2989 282 3053 gillatim
310 2993 569 3039 meminerit
586 3029 598 3051 7
624 2990 740 3039 nihil
755 3001 892 3057 vetat,
910 2996 1096 3059 quomi-

99 3087 186 3117 nus
215 3071 420 3139 dicamus
445 3089 520 3120 eos
551 3073 764 3137 deceptos
789 3091 884 3122 esse
911 3092 964 3122 ex
997 3076 1096 3124 loco

101 3149 294 3201 adducto
316 3152 537 3202 Geneseos
565 3157 810 3218 praesertim
838 3158 965 3220 juxta
986 3173 1097 3221 grae-

102 3248 200 3279 cam
219 3248 304 3280 Lxx
327 3237 595 3284 versionem.
613 3235 732 3284 Sane
754 3235 804 3284 S.
827 3237 1097 3286 Ambrosius

104 3312 259 3361 Serm.
282 3331 364 3362 vm
383 3353 395 3375 7
425 3318 482 3363 in
525 3317 609 3365 Ps.
639 3334 782 3366 cxvm
802 3355 814 3378 7
840 3336 973 3367 num.
1001 3318 1065 3368 58
1086 3339 1102 3369 z

103 3390 322 3458 Denique
343 3431 356 3455 7
383 3398 534 3463 inquit
554 3435 566 3458 7
592 3399 824 3464 scriptum
845 3391 923 3446 'est
942 3437 955 3459 7
990 3403 1106 3465 qaia

106 3473 288 3540 Angeli
301 3479 717 3543 amaveruntfilias
732 3478 1000 3546 hominum,
1018 3492 1104 3532 etc.

108 3562 317 3623 quamvis
334 3559 579 3622 fluctuans,
605 3561 760 3610 Serm.
780 3579 828 3612 1v
843 3598 860 3624 7
887 3581 1019 3612 num.
1041 3563 1074 3612 8
1088 3602 1102 3625 7

105 3641 272 3687 innuat
282 3641 557 3705 Angelorum
572 3645 759 3691 nomine
773 3644 963 3709 intelligi
979 3661 1108 3709 posse

107 3722 316 3770 homines
333 3758 347 3781 7
372 3724 453 3787 qui
473 3723 573 3770 vitae
591 3724 811 3787 probitate
830 3724 1107 3790 Angelorum

270 3815 335 3873 T.
383 3815 480 3873 111.

1176 2094 1350 2144 Tract.
1374 2090 1430 2143 in
1450 2098 1541 2144 Pe.
1571 2113 1750 2145 cxxxm
1769 2134 1783 2157 7
1809 2115 1946 2145 num.
1976 2094 2010 2143 6
2027 2133 2041 2157 ,
2066 2114 2178 2162 sup-

1169 2195 1321 2242 presso
1354 2180 1545 2225 nomine
1565 2214 1579 2237 7
1617 2178 1674 2225 de
1708 2177 1827 2226 libro
1855 2177 2047 2226 Henoch
2085 2195 2184 2226 non

1170 2259 1346 2325 absque
1400 2269 1668 2323 contemptu
1714 2260 1924 2325 loquitur
1959 2276 1972 2307 :
2006 2259 2190 2307 Fertur

1171 2349 1328 2388 autem
1347 2378 1359 2399 7
1378 2342 1529 2406 inquit
1548 2377 1561 2399 7
1582 2339 1637 2386 id
1655 2377 1667 2401 7
1687 2339 1744 2387 de
1756 2357 1847 2404 quo
1862 2341 2008 2387 etiam
2027 2341 2186 2388 nescio

1170 2424 1309 2488 cujus
1341 2421 1461 2469 liber
1501 2429 1655 2480 extat,
1696 2421 1826 2488 quod
1867 2419 2049 2485 Anqeli
2076 2437 2189 2469 con-

1170 2502 1599 2571 cupiscentesfilias
1612 2502 1861 2550 hominum
1882 2541 1895 2560 7
1914 2513 2050 2551 etc...
2066 2504 2189 2566 Quoe

1173 2588 1301 2634 enim
1334 2585 1455 2634 libro
1485 2585 1602 2649 leqis
1634 2601 1734 2632 non
1774 2586 2102 2652 continentur,
2132 2600 2190 2631 ea

1171 2684 1257 2715 nec
1300 2683 1436 2714 nosse
1482 2665 1719 2715 debentne.
1770 2665 1848 2714 Sic
1886 2668 1962 2714 alii
1998 2667 2187 2730 passim.

1173 2747 1409 2795 Prolixum
1458 2748 1564 2795 libri
1630 2747 1825 2795 Henoch
1873 2744 2193 2810 fragmentum

1175 2820 1314 2876 refert
1331 2828 1738 2893 Georg.Syncellus
1757 2831 1806 2875 in
1824 2826 2186 2893 Chronoqraph.

1176 2919 1294 2974 part.
1331 2926 1359 2957 2
1380 2946 1394 2970 7
1432 2908 1558 2975 quod
1593 2927 1686 2958 una
1717 2926 1823 2957 cum
1853 2907 1953 2956 aliis
1980 2910 2071 2972 legi
2102 2926 2191 2973 po-

1178 3001 1263 3039 test
1294 2991 1417 3056 apud
1449 2990 1587 3038 Joan.
1618 2990 1727 3038 Alb.
1758 2989 2021 3037 Fabricium
2043 2993 2092 3037 in
2110 3006 2189 3054 op.

1182 3072 1340 3120 Codex
1356 3071 1802 3137 pseudepiqraphus
1824 3067 1890 3119 V.
1923 3070 1988 3119 T.
2017 3070 2191 3119 Hamb.

1186 3171 1344 3220 1722,
1387 3156 1480 3202 vol.
1513 3170 1561 3214 ι,
1602 3171 1706 3218 pag.
1749 3152 1839 3202 160
1872 3162 1917 3201 et
1944 3171 2078 3219 seqq.
2111 3152 2194 3200 ubi

1179 3241 1343 3302 pariter
1370 3238 1507 3285 refert
1533 3237 1589 3284 de
1617 3254 1667 3285 ea
1690 3235 1918 3302 judicium
1947 3252 2000 3283 ac
2028 3252 2193 3284 censu-

1188 3337 1285 3367 ram
1318 3321 1410 3366 sive
1440 3328 1643 3366 veterum
1673 3322 1766 3365 sive
1796 3319 2122 3365 recentiorum.

1253 3400 1327 3462 (l)
1352 3397 1424 3447 De
1450 3398 1627 3463 Anqel.
1658 3399 1742 3446 lib.
1774 3415 1858 3459 111,
1890 3414 1992 3463 cap.
2019 3414 2046 3445 2
2068 3395 2191 3462 ,δῷ

1255 3482 1319 3547 (2)
1336 3480 1391 3528 ln
1404 3480 1643 3529 Biblioth.
1661 3479 1872 3527 Petrum
1886 3478 2009 3527 Dela
2018 3479 2158 3542 Bigne
2176 3514 2193 3537 7

1188 3573 1304 3612 tom.
1322 3581 1349 3611 v
1367 3601 1380 3624 7
1398 3580 1501 3628 pag.
1522 3560 1602 3624 34.
1622 3561 1672 3609 S.
1688 3560 1825 3610 Joan.
1843 3560 2010 3625 Chrys.
2038 3558 2191 3607 Hom.

1189 3661 1312 3703 1111,
1327 3646 1378 3691 in
1393 3642 1585 3709 cap.V1.
1606 3641 1722 3691 Gen.
1741 3642 1825 3690 has
1840 3642 2049 3689 historias
2062 3649 2195 3687 vocat

1189 3709 1460 3788 pcvoozost&
1477 3760 1489 3783 ‚
1511 3726 1604 3772 imo
1619 3719 1680 3772 ‘ni
1695 3720 1957 3785 βλάσφημοι
1970 3758 1983 3781 7
2003 3719 2196 3784 fabulas

1916 3815 1958 3870 2
