2580 4152
407 184 524 246 390
1058 211 1255 248 1111101.
1300 211 1369 246 im
1414 210 1519 248 nno
1565 212 1875 253 caumont.

407 350 622 410 Christi
653 370 891 409 carnem
924 348 1153 432 aliaque
1187 350 1475 427 ejusmodi
1500 350 1846 413 deberemus
1887 354 2124 434 rejicere
2149 400 2164 429 ,
2198 375 2332 414 011111
2373 378 2527 414 111111-

405 468 582 528 quam
623 444 918 503 defuerint
941 446 1043 525 qui
1070 444 1167 503 illa
1190 445 1693 527 improbaverint3
1723 459 1865 507 tunc
1896 451 2091 509 omnia
2116 449 2329 530 flagitia
2352 495 2368 525 ,
2397 472 2530 532 quae

403 541 489 600 illi
510 539 1001 599 commendarunt
1019 586 1035 616 ,
1066 550 1351 623 tanquam
1375 542 1619 602 honesta
1649 543 1965 625 praedicare
1994 567 2315 626 possemus.
2340 548 2531 620 Quare

402 634 795 696 rationalistas
826 658 948 694 non
991 635 1178 717 pudet
1218 658 1448 696 causam
1480 659 1856 698 communem
1897 660 2030 699 cum
2061 641 2197 722 ipsis
2243 642 2532 723 Epicureis

407 742 464 792 et
515 732 665 810 fidei
723 733 1180 790 subversoribus
1248 754 1418 815 agere
1451 732 1482 792 Ἰ
1545 734 1765 815 Utique
1830 733 2039 813 dogma
2105 737 2538 796 resurrectionis

403 825 687 908 generalis
704 838 858 886 arcte
874 848 1205 886 connexum
1226 840 1313 886 est
1329 850 1462 887 cum
1478 828 1691 887 Christi
1707 828 2153 906 resurrectione,
2169 831 2330 911 quod
2347 832 2530 913 Apos-

404 922 558 980 tolus
599 921 950 996 declaravit3
978 933 1038 982 at
1069 924 1197 1005 quis
1229 922 1456 982 sobrius
1472 924 1627 983 inter
1653 924 1885 1005 mythos
1911 926 2125 986 referat
2150 928 2525 986 resurrectio-

403 1039 546 1077 nem
573 1017 823 1092 Christi,
852 1040 982 1099 quae
1007 1018 1227 1077 factum
1255 1031 1344 1078 est
1365 1020 1811 1080 testatissimum
1832 1068 1847 1097 ,
1882 1033 1950 1079 ut
1983 1043 2087 1081 suo
2110 1021 2238 1080 loco
2275 1020 2536 1080 ostendi-

406 1135 540 1172 mus
583 1112 672 1193 (l)
699 1112 730 1172 ’ἶ
765 1113 839 1171 Si
876 1113 1145 1173 Christus
1197 1136 1320 1173 non
1368 1120 1707 1174 resurreoeit
1735 1161 1751 1191 ,
1798 1117 2008 1176 merito
2050 1115 2340 1176 clamabat
2380 1116 2537 1175 idem

406 1208 723 1292 Apostolus
751 1256 766 1285 .,
806 1232 963 1269 vana
1002 1221 1085 1270 est
1113 1212 1258 1289 fides
1285 1223 1500 1287 vestra,
1541 1222 1663 1271 tota
1699 1211 1898 1292 religio
1935 1212 2248 1272 christiana
2287 1235 2409 1271 non
2447 1223 2536 1272 est

408 1306 521 1368 nisi
562 1305 716 1364 fraus
741 1306 1097 1385 turpissima.
1132 1306 1217 1363 En
1245 1328 1361 1387 quo
1392 1305 1739 1366 devenerint
1780 1307 2156 1367 rationalistae
2184 1308 2196 1365 !

494 1387 634 1447 858.
687 1387 774 1447 Ad
797 1387 903 1462 3¹¹²,
941 1388 1093 1466 Ney.
1126 1388 1271 1446 Tota
1296 1389 1457 1447 enim
1484 1388 1608 1448 haec
1639 1411 1753 1470 qua
1782 1389 1898 1449 late
1922 1401 2083 1471 patet
2114 1389 2539 1469 argumentatio

409 1505 535 1543 non
566 1495 655 1542 est
679 1483 791 1541 nisi
817 1481 1319 1563 blasphemiarum
1351 1485 1648 1563 congeries
1668 1529 1685 1558 ,
1713 1506 1744 1542 a
1768 1484 1981 1566 quibus
2010 1506 2176 1544 aures
2210 1484 2541 1543 christianae

411 1578 729 1638 abhorrere
759 1575 1002 1637 debent.
1035 1578 1182 1657 Ergo
1212 1579 1380 1637 Jesus
1414 1580 1762 1660 (nunquam
1798 1580 1961 1638 enim
1988 1579 2183 1662 ipsum
2209 1581 2541 1638 Dominum

413 1686 516 1734 aut
552 1675 864 1734 Christum
902 1684 1118 1734 vocant
1147 1672 1433 1752 ejusmodi
1465 1673 1733 1733 homines
1756 1694 1776 1748 ς’
1806 1674 1909 1735 sed
1935 1697 2041 1757 per
2073 1697 2372 1734 summum
2401 1696 2544 1734 con-

412 1781 710 1851 temptum
739 1791 875 1829 eum
900 1770 1213 1828 nominant
1239 1814 1256 1844 ,
1287 1790 1352 1828 ac
1385 1769 1433 1828 si
1459 1781 1729 1849 ageretur
1759 1769 1832 1830 de
1865 1770 1967 1831 vili
1996 1769 2189 1852 aliquo
2215 1772 2541 1853 mancipio)

416 1865 648 1946 decepit
682 1886 791 1923 nos
818 1911 833 1940 ,
866 1864 1226 1943 indulgendo
1269 1864 1437 1944 falsis:
1452 1864 1829 1946 popularibus
1863 1866 2207 1925 commentis
2234 1867 2296 1924 in
2323 1887 2386 1924 re
2421 1877 2546 1924 tam

418 1963 627 2043 gravi?
655 1963 801 2042 Ergo
832 1961 1093 2044 Apostoli
1122 1961 1196 2021 ad
1219 1983 1405 2019 unum
1428 1982 1633 2020 omnes
1665 1960 1894 2042 decepti
1919 1973 2059 2020 sunt
2094 1962 2156 2019 in
2182 1961 2543 2042 assequendo

417 2080 594 2117 sensu
622 2057 902 2117 doctrinae
928 2057 1185 2116 Christi?
1212 2056 1492 2116 doctrinae
1516 2101 1531 2128 ,
1550 2057 1794 2138 inquam
1819 2103 1833 2132 ,
1857 2079 1978 2116 non
1997 2061 2154 2135 jam,
2181 2067 2246 2114 ut
2270 2057 2547 2116 adversa-

416 2155 487 2212 rii
514 2154 856 2213 mentiendo
877 2153 1173 2227 effutiunt,
1202 2154 1534 2233 alleqorz'oz's
1557 2164 1656 2211 aut
1683 2154 2135 2212 obscurioribus
2164 2151 2357 2231 effutis
2385 2151 2547 2212 velut

421 2249 611 2309 obiter
654 2251 979 2309 enunciatae
1005 2295 1020 2325 ,
1069 2249 1170 2308 sed
1204 2249 1413 2330 saepius
1456 2248 1756 2307 inculcatae
1779 2294 1795 2324 ‚
1829 2249 2089 2330 repetitae
2125 2294 2141 2323 ,
2182 2248 2547 2329 apertissime

419 2347 591 2407 toties
618 2346 846 2406 traditae
868 2393 883 2421 ,
925 2367 1016 2405 ex.
1052 2368 1137 2426 gr.
1176 2347 1211 2404 J
1216 2367 1348 2404 oan.
1378 2346 1447 2419 V,
1479 2344 1558 2403 28
1587 2367 1600 2402 ε
1649 2345 1822 2405 Venit
1846 2345 1993 2404 hora
2010 2388 2032 2416 ,
2062 2348 2133 2402 in
2159 2366 2283 2424 qua
2307 2365 2499 2402 omnes
2524 2386 2549 2416 ,

421 2448 536 2523 qui
560 2449 629 2501 in
664 2446 1064 2501 monumentis
1100 2452 1276 2515 sunt,
1312 2442 1565 2499 audient
1590 2461 1782 2499 vocem
1803 2443 1959 2499 Filii
1986 2442 2104 2501 Dei
2115 2465 2130 2514 ς
2169 2451 2223 2498 ec
2230 2441 2553 2520 procedent

421 2543 534 2618 qui
561 2540 717 2597 bona
738 2541 1015 2617 fecerunt
1050 2541 1119 2596 in
1153 2541 1648 2596 resurrectionem
1687 2540 1823 2595 vitoe
1852 2583 1867 2612 ,
1908 2541 2023 2616 qui
2057 2557 2189 2594 vero
2222 2538 2393 2594 mala
2420 2556 2547 2616 eqe-

422 2646 600 2710 runt‚
623 2639 693 2693 in
710 2636 1204 2693 resurrectionem
1208 2634 1453 2712 judicii
1468 2678 1485 2706 ,
1516 2644 1574 2692 et
1604 2632 1741 2691 alibi
1766 2632 1982 2715 passim
2006 2631 2123 2712 (2).
2157 2631 2346 2705 Quaeri
2371 2630 2548 2689 etiam

421 2740 618 2812 posset
636 2775 651 2804 ,
697 2729 907 2811 quibus
961 2727 1329 2787 adminiculis
1378 2727 1759 2788 rationalistae
1801 2728 2042 2787 demum
2091 2726 2298 2786 melius
2337 2725 2549 2784 Christi

421 2826 751 2886 doctrinam
786 2826 1033 2884 assecuti
1063 2825 1314 2898 fuerint,
1344 2835 1403 2883 et
1429 2825 1807 2905 cognoverint
1833 2824 2105 2906 deceptos
2137 2844 2341 2882 omncs
2372 2822 2546 2880 fuisse

425 2922 640 2982 Christi
676 2921 986 3003 discipulos
1032 2932 1090 2980 et
1128 2921 1472 2980 universum
1514 2920 1895 2979 christianum
1944 2919 2182 2991 orbem,
2224 2917 2451 2977 donec
2435 2917 2548 2998 ipsi

425 3017 610 3077 facem
651 3016 957 3076 attuleiint
996 3015 1070 3075 ad
1107 3014 1378 3075 tenebras
1415 3015 1518 3074 has
1560 3013 1969 3124 dissipandas?
2012 3012 2259 3093 Superbi
2302 3013 2551 3071 homun-

427 3113 656 3186 0101165,
690 3113 826 3194 qui,
856 3135 931 3171 ne
962 3113 1211 3195 propriis
1240 3110 1640 3171 deliramentis
1667 3112 1949 3170 nuncium
1975 3110 2310 3185 remittant,
2346 3107 2550 3167 tradu-

428 3220 570 3267 cunt
597 3209 867 3267 universa
895 3208 1074 3267 biblia
1092 3208 1267 3271 velut
1308 3230 1669 3290 paganorum
1709 3206 2126 3287 anthologiam
2165 3226 2303 3280 seu,
2350 3215 2414 3262 ut
2442 3203 2552 3284 ipsi

421 3302 784 3387 loquuntur,
822 3306 1363 3385 mythoqraphiam.
1395 3305 1584 3364 Satius
1610 3314 1795 3378 esset,
1824 3302 1924 3362 illa
1958 3313 2155 3384 aperte
2189 3301 2454 3380 reJicere,
2487 3320 2553 3358 ac

495 3524 562 3587 (l)
587 3524 744 3574 Tract.
775 3523 858 3573 De
888 3540 1001 3573 vera
1030 3523 1257 3589 reliqione
1275 3563 1288 3587 ,
1312 3543 1362 3592 p.
1406 3543 1451 3585 1,
1540 3523 1603 3573 23
1621 3533 1841 3590 etseqq.;
1876 3522 2044 3571 Matth.
2079 3538 2177 3570 1¹11
2197 3558 2210 3582 ‚
2237 3536 2302 3585 29
2333 3528 2379 3568 et
2398 3532 2549 3584 seqq.;

426 3625 475 3655 n.
510 3605 608 3655 250
634 3617 679 3655 et
706 3625 836 3683 seqq.
891 3625 997 3673 pag.
1035 3604 1148 3656 105.
1537 3606 1684 3655 Marc.
1725 3617 1824 3665 x113
1868 3622 1928 3672 19
1959 3616 2004 3655 et
2038 3622 2197 3671 seqq.,·
2233 3603 2346 3651 Luc.
2369 3618 2456 3661 xx,
2487 3594 2550 3645 28

495 3688 555 3751 (2)
582 3688 681 3738 cfr.
714 3689 851 3738 Joan.
882 3707 929 3739 vi
952 3727 965 3752 ‚
995 3685 1159 3755 39-44
1179 3727 1192 3752 ,
1229 3687 1328 3755 55;
1374 3701 1449 3752 xi,
1538 3699 1584 3738 et
1606 3706 1737 3755 seqq.
1767 3698 1855 3737 etc.
