2580 4152
423 213 495 271 16
1069 231 1265 271 macr.
1314 232 1382 268 nn
1425 232 1531 270 nno
1578 233 1890 272 canamus.

498 377 598 435 26.
636 374 724 435 Ad
736 375 1023 449 2m.,Dist.
1053 374 1125 432 Et
1140 374 1330 436 versio
1356 372 1750 434 Alexandrina
1767 398 1873 457 per
1889 378 2125 457 anqelos
2148 378 2268 438 Dea·
2277 375 2544 442 homines

415 469 708 552 religiosos
744 469 1043 549 designat,
1086 467 1247 549 quod
1282 467 1624 551 infrequens
1665 470 1728 528 in
1758 472 2073 554 Scripturis
2120 494 2243 532 non
2290 484 2378 532 est
2416 473 2542 556 (1),

418 588 609 640 comm
644 565 878 646 angelos
895 563 1130 646 proprie
1148 562 1357 637 dictos,
1371 566 1622 624 subdist.
1644 566 1711 625 In
1726 565 1836 626 hoc
1851 589 2008 642 casu7
2026 578 2091 626 ut
2107 589 2177 627 ex
2196 567 2363 627 dictis
2382 581 2546 650 patet

421 661 742 723 deserenda
783 671 871 720 est
903 705 918 733 .,
949 680 1139 731 conc.3
1185 657 1475 732 tenenda,
1521 682 1651 740 neq.
1694 660 1862 722 Addo
1906 684 2027 722 non
2075 685 2276 723 omnes
2325 663 2544 723 codices

419 758 636 818 habere
683 757 933 837 Anyelos
959 755 1116 829 Dei,
1156 753 1259 813 sed
1288 765 1434 814 teste
1465 755 1788 835 Augustino
1837 758 1924 839 (2)
1971 759 2285 819 nonnullos
2330 759 2545 820 habere

410 855 540 933 filii
565 855 892 933 Dei‚prout
920 850 983 908 in
1015 848 1211 909 Bibliis
1249 847 1770 931 Complutensibus
1799 854 1983 913 versio
2006 853 2130 914 haec
2149 857 2302 915 LXX
2324 877 2546 916 nuncu-

419 960 555 1032 pata
582 995 598 1024 7
626 946 804 1005 habet
840 969 854 1004 ε
880 947 999 1024 filii
1025 947 1143 1006 Dei
1174 945 1287 1033 (3).

498 1044 598 1103 27.
621 1041 710 1102 Ad
723 1041 830 1115 3¹1¹⁷
853 1041 1366 1100 Tran8.0mnium
1381 1041 1536 1100 enim
1555 1041 1884 1100 criticorum
1891 1066 1914 1120 J
1925 1042 2135 1117 udici0.,
2154 1044 2272 1102 imo
2287 1056 2346 1104 et
2358 1046 2538 1127 ipsius

419 1138 683 1200 Ecclesiae
707 1135 1002 1196 catholicae
1026 1181 1040 1210 ,
1069 1134 1219 1195 liber
1238 1136 1483 1195 Henoch
1513 1137 1668 1196 inter
1693 1139 2054 1220 apocryphos
2071 1151 2406 1199 recensetur
2433 1141 2541 1221 (4).

500 1235 602 1294 28.
652 1232 743 1292 Ad
776 1232 895 1307 4¹1¹,
926 1234 1087 1292 Dist.
1125 1231 1225 1291 Vel
1263 1254 1334 1291 ex
1368 1232 1637 1294 versione
1674 1232 2053 1293 alexandrina
2084 1281 2098 1309 ,
2139 1235 2232 1295 vel
2256 1234 2403 1294 libro
2428 1238 2550 1296 He·-

419 1329 575 1390 noch
599 1328 854 1410 deceptis
880 1373 896 1402 .,
928 1349 1123 1395 conc.,·
1155 1349 1227 1387 ex
1257 1349 1432 1386 sensu
1457 1327 1720 1388 Ecclesiae
1747 1341 1849 1388 aut
1877 1330 2228 1406 traditioniS,
2265 1352 2395 1411 neq.
2426 1331 2551 1391 Ple-

420 1427 588 1508 rique
632 1427 792 1484 enim
839 1445 909 1483 ex
947 1423 1230 1484 versionis
1273 1422 1671 1484 alexandrinae
1717 1423 1968 1485 lectione
2022 1425 2251 1508 decepti
2292 1427 2356 1483 in
2395 1426 2549 1485 hanc

423 1520 778 1582 sententiam
819 1530 1264 1594 concesserunt,
1312 1518 1411 1577 alii
1445 1541 1518 1579 ex
1558 1518 1708 1578 libro
1747 1520 2027 1595 Henoch,
2059 1543 2235 1602 quem
2263 1532 2547 1602 tanquam

422 1639 651 1677 sacrum
694 1614 969 1675 nonnulli
1020 1618 1218 1674 Patres
1272 1614 1609 1674 habuerunt
1639 1661 1654 1690 .,
1702 1627 1769 1674 ut
1819 1616 1892 1675 de
1935 1617 2290 1676 Tertulliano
2320 1629 2547 1676 constat

423 1712 664 1795 aliisque
696 1711 891 1795 paucis
932 1709 1044 1791 (5).
1088 1713 1172 1770 Ex
1206 1710 1318 1770 hoc
1351 1711 1514 1770 fonte
1558 1709 1818 1770 fabulam
1856 1712 2028 1772 istam
2077 1724 2300 1774 veteres
2343 1734 2546 1773 omnes

491 1916 555 1981 (l)
593 1915 671 1965 Sic
699 1915 749 1965 S.
778 1915 914 1964 Joan.
951 1915 1085 1981 Bapt.
1120 1915 1267 1965 Marc.
1298 1933 1314 1964 1
1333 1954 1346 1976 ‚
1373 1932 1438 1979 23

418 2000 530 2050 coll.
571 1999 775 2048 Malach.
819 2015 908 2056 ιιι,
950 2013 970 2045 ι
1017 2008 1235 2061 vocatur3
1275 2015 1291 2045 1
1327 1997 1437 2047 Cor.

421 2101 498 2144 ιι,
547 2100 603 2133 ιο
639 2083 927 2145 sacerdotes;
958 2081 1103 2148 Apoc.
1128 2085 1144 2130 ι’
1165 2119 1177 2143 ,
1208 2098 1272 2131 20
1304 2092 1347 2133 et
1368 2099 1403 2130 11
1424 2119 1438 2143 ‚

429 2182 447 2213 1
483 2176 573 2215 etc.
606 2165 818 2231 Episcopi
843 2165 1194 2229 compellantur.

490 2248 560 2315 (2)
598 2248 678 2296 De
708 2249 902 2296 civitate
932 2246 1035 2295 Dei
1053 2284 1067 2308 ‚
1099 2247 1182 2295 lib.
1213 2264 1270 2295 xv
1290 2284 1302 2303 ,
1336 2263 1437 2311 cap.

421 2331 520 2391 23,
566 2348 696 2379 num.
751 2330 801 2378 3.
845 2329 945 2377 Imo
986 2344 1091 2377 vero
1122 2332 1177 2377 ex'
1211 2328 1302 2377 hoc
1340 2331 1439 2394 ipso

421 2411 470 2461 S.
505 2412 750 2477 Augustini
778 2410 881 2460 loco
911 2421 1035 2476 patet
1065 2413 1323 2460 versionem
1355 2427 1439 2458 ixx

422 2512 505 2543 sua
539 2505 669 2545 aetate
712 2503 965 2560 utrumque
1002 2493 1215 2542 habuisse
1256 2510 1270 2540 :
1310 2490 1443 2540 Filii

420 2574 519 2625 Dei
547 2587 593 2626 et
620 2575 809 2642 Anqeli
833 2575 967 2637 Dei‚·
1000 2578 1066 2624 ita
1095 2578 1221 2624 enim
1244 2575 1436 2624 scribit:

421 2657 497 2709 Et
527 2661 832 2725 septuaqinta
862 2657 1055 2723 quidem
1084 2659 1363 2724 interpretes
1396 2665 1441 2705 et

421 2740 622 2806 Anqeloa
649 2740 755 2790 Dei
779 2741 1009 2789 discernant
1027 2742 1142 2788 istos
1163 2776 1177 2799 ‚
1213 2749 1257 2787 et
1281 2738 1440 2787 Filios

423 2821 549 2872 Dei.
574 2824 718 2890 Quod
739 2823 930 2888 quidem
959 2839 1056 2871 non
1073 2839 1232 2870 omnes
1256 2821 1441 2871 codices

429 2902 629 2964 habent,
658 2921 773 2951 nam
798 2904 998 2969 quidam
1026 2906 1130 2952 nisi
1147 2904 1312 2952 Filios
1341 2903 1446 2953 Dei

425 3003 526 3035 mm
538 2986 735 3040 habenta
752 2986 822 3034 Ex
837 3004 929 3052 quo
948 2987 1082 3035 facile
1105 2996 1172 3035 est
1186 2989 1413 3052 conjicere
1426 3022 1439 3045 ,

426 3069 566 3118 verba
589 3067 778 3134 Anqeli
794 3067 899 3117 Dei
926 3086 1023 3116 non
1052 3068 1193 3117 fuisse
1213 3070 1303 3116 nisi
1321 3068 1443 3133 glos·

427 3168 552 3200 sema
577 3150 912 3199 nonnullorum
932 3188 945 3210 ,
979 3150 1150 3216 quibus
1176 3167 1443 3215 persuasum

429 3243 556 3293 erat,
601 3235 735 3299 juxta
778 3232 1003 3292 dicenda,
1054 3231 1252 3297 Angelos
1293 3235 1443 3298 reipsa

428 3315 625 3364 feminas
647 3315 879 3363 adamasse
898 3352 911 3374 ‚
946 3317 1095 3381 iisque
1112 3317 1295 3380 junctos
1328 3333 1444 3364 con-

429 3397 578 3446 nubio
612 3397 784 3460 fuisse,
822 3396 948 3463 quod
981 3407 1136 3462 postea
1178 3399 1359 3463 irrepsit
1393 3400 1444 3446 in

430 3489 629 3529 textum.

499 3560 572 3626 (3)
608 3560 778 3610 Praeter
793 3560 1046 3610 editionem
1067 3559 1445 3626 Complutensem

434 3652 594 3692 ceterae
614 3644 837 3693 editiones
870 3660 1031 3692 omnes
1058 3642 1236 3692 habent
1262 3641 1343 3693 vlo}
1369 3651 1449 3692 τοῦ

1523 1915 1716 1982 Polyql.
1732 1916 1945 1966 Walton.
1961 1955 1975 1979 ‚
2005 1917 2144 1967 Bibl.
2173 1936 2269 1983 req.
2284 1919 2427 1967 Paris.
2447 1929 2539 1968 etc.

1594 1999 1656 2063 (14)
1708 1999 1778 2048 De
1833 1999 1952 2049 libro
2021 1999 2216 2049 Henoch
2266 2003 2329 2049 ita
2384 2001 2546 2050 scribit

1523 2080 1575 2129 S.
1622 2080 1741 2147 Aug.
1769 2082 1861 2130 loc.
1897 2084 1974 2131 cit.
2023 2100 2075 2131 n.
2112 2081 2146 2147 4
2186 2099 2200 2130 :
2251 2081 2547 2131 Omittamus

1523 2166 1676 2229 iqitur
1700 2151 1873 2212 carum
1909 2164 2277 2231 Scripturarum
2316 2165 2541 2230 fabulas,

1522 2262 1630 2311 quoe
1686 2246 1971 2312 apocrypha?
2031 2255 2383 2314 nuncupantur
2409 2282 2426 2308 ‚
2492 2263 2544 2294 eo

1522 2328 1647 2394 quod
1674 2346 1841 2377 earum
1865 2328 2050 2377 occulta
2074 2331 2209 2394 oriqo
2239 2347 2337 2378 non
2368 2329 2548 2377 claruit

1524 2410 1759 2459 Patribus
1780 2448 1794 2471 ‚
1823 2428 1854 2459 a
1873 2411 2049 2476 quibus
2066 2429 2216 2476 usque
2236 2412 2302 2459 ad
2323 2427 2410 2460 nos
2428 2427 2545 2460 auc-

1523 2494 1690 2541 toritas
1714 2496 1960 2542 veracium
1974 2490 2349 2558 Scripturarum
2373 2494 2543 2542 certis-

1522 2577 1648 2624 sima
1664 2585 1708 2624 et
1722 2578 1978 2625 notissima
1996 2576 2294 2623 successione
2297 2576 2538 2640 pervenit.

1523 2658 1591 2707 Ex
1621 2659 1791 2724 quibus
1816 2658 1990 2706 discere
2007 2667 2197 2722 possunt
2211 2656 2537 2716 protestantes,

1523 2757 1617 2805 quo
1640 2740 1831 2788 consilio
1856 2740 2156 2805 prudentiave
2176 2739 2328 2787 Patres
2353 2748 2540 2788 uteren-

1525 2832 1600 2870 tur
1629 2822 1688 2870 ad
1717 2840 1956 2888 germanas
1986 2822 2046 2870 ab
2073 2820 2342 2888 apocryphis
2380 2819 2535 2887 Scrip-

1527 2914 1654 2953 turas
1686 2901 2034 2953 discernendas.

1595 2986 1658 3050 (5)
1703 2985 1811 3034 Dixi
1833 2987 1890 3035 de
1907 2985 2188 3035 Tertulliano
2201 2983 2399 3048 aliisque
2410 3001 2539 3049 pau-

1525 3070 1597 3118 cis
1632 3081 1840 3126 constare
1860 3109 1873 3131 ‚
1909 3089 1985 3120 eos
2014 3071 2186 3119 librum
2217 3069 2409 3117 Henoch
2435 3080 2538 3118 tan·-

1527 3170 1669 3218 quam
1698 3170 1878 3202 sacrum
1899 3155 2139 3218 recepisse.
2159 3151 2228 3200 De
2252 3150 2536 3200 Tertulliano

1526 3237 1652 3283 enim
1680 3235 1866 3284 nullum
1893 3235 2090 3284 dubium
2105 3250 2199 3283 esse
2221 3242 2399 3297 potest3
2427 3249 2537 3283 nam

1527 3316 1635 3381 (De
1659 3316 1792 3366 cultu
1812 3317 1929 3383 fem.
1950 3355 1964 3378 ,
1997 3317 2083 3366 lib.
2112 3332 2130 3362 1
2149 3352 2162 3376 ‚
2190 3331 2295 3380 cap.
2331 3301 2425 3377 3)',
2457 3318 2537 3364 etsi

1527 3399 1724 3449 fateatur
1762 3400 1892 3449 hunc
1925 3398 2098 3448 librum
2140 3396 2197 3445 ab
2233 3397 2332 3446 aliis
2376 3397 2503 3461 rejici
2522 3417 2540 3460 ,'

1526 3481 1687 3531 dicens
1723 3500 1737 3531 ε
1767 3479 1886 3532 Scio
1908 3482 2213 3547 Scripturam
2232 3475 2435 3526 Henoch
2459 3494 2543 3526 nec

1528 3566 1684 3629 recipi
1708 3582 1740 3613 a
1766 3559 2054 3630 quibusdam
2074 3599 2087 3625 ,
2112 3566 2210 3630 ejus
2236 3571 2391 3610 tamen
2431 3576 2545 3609 auc-

1531 3648 1762 3696 toritatem
1780 3648 1934 3714 quoad
1961 3646 2060 3696 fieri
2083 3653 2231 3711 potest
2247 3642 2421 3691 ibidem
2436 3659 2547 3707 pro-

435 3727 627 3787 Oussut
641 3726 784 3777 videri
800 3728 1009 3793 potestin
1021 3723 1207 3774 Bibliis
1218 3723 1452 3789 Plant.,in
1532 3738 1741 3794 pugnat3
1787 3747 1842 3779 ex
1877 3747 2024 3797 eoque
2049 3728 2169 3778 libro
2197 3725 2394 3792 Angelos
2413 3761 2427 3787 ,
2456 3723 2543 3772 lib.
