<?xml version="1.0" encoding="UTF-8"?>
<!DOCTYPE html PUBLIC "-//W3C//DTD XHTML 1.0 Transitional//EN"
    "http://www.w3.org/TR/xhtml1/DTD/xhtml1-transitional.dtd">
<html xmlns="http://www.w3.org/1999/xhtml" xml:lang="en" lang="en">
 <head>
  <title>
</title>
<meta http-equiv="Content-Type" content="text/html;charset=utf-8" />
  <meta name='ocr-system' content='tesseract 3.04.00' />
  <meta name='ocr-capabilities' content='ocr_page ocr_carea ocr_par ocr_line ocrx_word'/>
</head>
<body>
  <div class='ocr_page' id='page_1' title='image "a603693803perruoft_0267.png"; bbox 0 0 2580 4152; ppageno 0'>
   <div class='ocr_carea' id='block_1_1' title="bbox 377 161 2210 220">
    <p class='ocr_par' dir='ltr' id='par_1_1' title="bbox 377 161 2210 220">
     <span class='ocr_line' id='line_1_1' title="bbox 377 161 2210 220; baseline 0 -1"><span class='ocrx_word' id='word_1_1' title='bbox 377 183 534 219; x_wconf 77' lang='lat' dir='ltr'>PART.</span> <span class='ocrx_word' id='word_1_2' title='bbox 579 182 664 217; x_wconf 91' lang='lat'>111.</span> <span class='ocrx_word' id='word_1_3' title='bbox 711 180 833 217; x_wconf 68' lang='grc' dir='ltr'><strong>οη.</strong></span> <span class='ocrx_word' id='word_1_4' title='bbox 881 180 937 216; x_wconf 85' lang='lat' dir='ltr'><strong>v.</strong></span> <span class='ocrx_word' id='word_1_5' title='bbox 984 181 1051 215; x_wconf 74' lang='lat' dir='ltr'><strong>nn</strong></span> <span class='ocrx_word' id='word_1_6' title='bbox 1107 181 1335 216; x_wconf 59' lang='lat' dir='ltr'><strong>mecam</strong></span> <span class='ocrx_word' id='word_1_7' title='bbox 1380 179 1530 215; x_wconf 77' lang='lat' dir='ltr'><strong>ome.</strong></span> <span class='ocrx_word' id='word_1_8' title='bbox 1573 179 1919 217; x_wconf 66' lang='lat' dir='ltr'><strong>ermannus.</strong></span> <span class='ocrx_word' id='word_1_9' title='bbox 2090 161 2210 220; x_wconf 77' lang='lat'><strong>259</strong></span> 
     </span>
    </p>
   </div>
   <div class='ocr_carea' id='block_1_2' title="bbox 79 318 2218 3644">
    <p class='ocr_par' dir='ltr' id='par_1_2' title="bbox 86 318 2213 2304">
     <span class='ocr_line' id='line_1_2' title="bbox 94 318 2213 402; baseline -0 -20"><span class='ocrx_word' id='word_1_10' title='bbox 94 323 394 382; x_wconf 89' lang='lat' dir='ltr'><strong>conditum</strong></span> <span class='ocrx_word' id='word_1_11' title='bbox 437 341 594 391; x_wconf 88' lang='lat' dir='ltr'><strong>esse,</strong></span> <span class='ocrx_word' id='word_1_12' title='bbox 629 318 817 399; x_wconf 89' lang='lat' dir='ltr'><strong>qualis</strong></span> <span class='ocrx_word' id='word_1_13' title='bbox 859 340 1017 378; x_wconf 89' lang='lat' dir='ltr'><strong>nunc</strong></span> <span class='ocrx_word' id='word_1_14' title='bbox 1054 320 1345 393; x_wconf 77' lang='lat' dir='ltr'><strong>nascitur3</strong></span> <span class='ocrx_word' id='word_1_15' title='bbox 1390 331 1449 378; x_wconf 92' lang='lat' dir='ltr'><strong>et</strong></span> <span class='ocrx_word' id='word_1_16' title='bbox 1489 318 1900 378; x_wconf 87' lang='lat' dir='ltr'><strong>inficiabantur</strong></span> <span class='ocrx_word' id='word_1_17' title='bbox 1931 341 2038 402; x_wconf 89' lang='lat' dir='ltr'><strong>per</strong></span> <span class='ocrx_word' id='word_1_18' title='bbox 2075 321 2213 381; x_wconf 81' lang='lat' dir='ltr'><strong>Adae</strong></span> 
     </span>
     <span class='ocr_line' id='line_1_3' title="bbox 92 413 2212 498; baseline -0.001 -20"><span class='ocrx_word' id='word_1_19' title='bbox 92 418 277 478; x_wconf 89' lang='lat' dir='ltr'><strong>scelus</strong></span> <span class='ocrx_word' id='word_1_20' title='bbox 307 418 370 475; x_wconf 91' lang='lat' dir='ltr'><strong>in</strong></span> <span class='ocrx_word' id='word_1_21' title='bbox 404 413 573 474; x_wconf 88' lang='lat' dir='ltr'><strong>nobis</strong></span> <span class='ocrx_word' id='word_1_22' title='bbox 605 414 970 473; x_wconf 90' lang='lat' dir='ltr'><strong>infirmatum</strong></span> <span class='ocrx_word' id='word_1_23' title='bbox 1021 436 1122 474; x_wconf 90' lang='lat' dir='ltr'><strong>seu</strong></span> <span class='ocrx_word' id='word_1_24' title='bbox 1163 424 1536 473; x_wconf 89' lang='lat' dir='ltr'><strong>attenuatum</strong></span> <span class='ocrx_word' id='word_1_25' title='bbox 1572 414 1885 474; x_wconf 81' lang='lat' dir='ltr'><strong>arbitrium</strong></span> <span class='ocrx_word' id='word_1_26' title='bbox 1936 436 2060 475; x_wconf 89' lang='lat' dir='ltr'><strong>esse</strong></span> <span class='ocrx_word' id='word_1_27' title='bbox 2102 439 2212 498; x_wconf 90' lang='lat' dir='ltr'><strong>per</strong></span> 
     </span>
     <span class='ocr_line' id='line_1_4' title="bbox 92 507 2210 593; baseline -0.001 -21"><span class='ocrx_word' id='word_1_28' title='bbox 92 521 450 593; x_wconf 83' lang='lat' dir='ltr'><strong>grassantem</strong></span> <span class='ocrx_word' id='word_1_29' title='bbox 484 509 1052 590; x_wconf 80' lang='lat' dir='ltr'><strong>concupiscentiam3</strong></span> <span class='ocrx_word' id='word_1_30' title='bbox 1094 507 1198 567; x_wconf 90' lang='lat' dir='ltr'><strong>sed</strong></span> <span class='ocrx_word' id='word_1_31' title='bbox 1237 507 1627 567; x_wconf 80' lang='lat' dir='ltr'>autumabant</span> <span class='ocrx_word' id='word_1_32' title='bbox 1673 510 1928 590; x_wconf 89' lang='lat' dir='ltr'><strong>perfecta</strong></span> <span class='ocrx_word' id='word_1_33' title='bbox 1975 532 2083 569; x_wconf 88' lang='lat' dir='ltr'><strong>nos</strong></span> <span class='ocrx_word' id='word_1_34' title='bbox 2118 512 2210 571; x_wconf 92' lang='lat' dir='ltr'><strong>uti</strong></span> 
     </span>
     <span class='ocr_line' id='line_1_5' title="bbox 91 602 2209 666; baseline -0.001 0"><span class='ocrx_word' id='word_1_35' title='bbox 91 605 314 666; x_wconf 87' lang='lat' dir='ltr'><strong>arbitrii</strong></span> <span class='ocrx_word' id='word_1_36' title='bbox 342 604 734 663; x_wconf 84' lang='lat' dir='ltr'><strong>indifferentia</strong></span> <span class='ocrx_word' id='word_1_37' title='bbox 765 616 825 664; x_wconf 91' lang='lat' dir='ltr'><strong>et</strong></span> <span class='ocrx_word' id='word_1_38' title='bbox 860 604 935 664; x_wconf 90' lang='lat' dir='ltr'><strong>ad</strong></span> <span class='ocrx_word' id='word_1_39' title='bbox 968 603 1197 663; x_wconf 91' lang='lat' dir='ltr'><strong>bonum</strong></span> <span class='ocrx_word' id='word_1_40' title='bbox 1235 614 1295 662; x_wconf 90' lang='lat' dir='ltr'><strong>et</strong></span> <span class='ocrx_word' id='word_1_41' title='bbox 1323 602 1400 662; x_wconf 90' lang='lat' dir='ltr'><strong>ad</strong></span> <span class='ocrx_word' id='word_1_42' title='bbox 1428 603 1677 662; x_wconf 89' lang='lat' dir='ltr'><strong>malum.</strong></span> <span class='ocrx_word' id='word_1_43' title='bbox 1705 605 1829 664; x_wconf 91' lang='lat' dir='ltr'><strong>Hoc</strong></span> <span class='ocrx_word' id='word_1_44' title='bbox 1871 617 1997 664; x_wconf 88' lang='lat' dir='ltr'><strong>erat</strong></span> <span class='ocrx_word' id='word_1_45' title='bbox 2030 607 2209 665; x_wconf 86' lang='lat' dir='ltr'><strong>totius</strong></span> 
     </span>
     <span class='ocr_line' id='line_1_6' title="bbox 91 698 2213 780; baseline 0 -20"><span class='ocrx_word' id='word_1_46' title='bbox 91 700 408 779; x_wconf 81' lang='lat' dir='ltr'><strong>Pelagianae</strong></span> <span class='ocrx_word' id='word_1_47' title='bbox 435 699 720 760; x_wconf 85' lang='lat' dir='ltr'><strong>haereseos</strong></span> <span class='ocrx_word' id='word_1_48' title='bbox 748 699 1235 773; x_wconf 69' lang='lat' dir='ltr'><strong>fundamentum,</strong></span> <span class='ocrx_word' id='word_1_49' title='bbox 1267 698 1427 780; x_wconf 89' lang='lat' dir='ltr'><strong>quod</strong></span> <span class='ocrx_word' id='word_1_50' title='bbox 1456 720 1589 757; x_wconf 86' lang='lat' dir='ltr'><strong>cum</strong></span> <span class='ocrx_word' id='word_1_51' title='bbox 1616 698 1912 759; x_wconf 89' lang='lat' dir='ltr'><strong>Catholica</strong></span> <span class='ocrx_word' id='word_1_52' title='bbox 1945 700 2213 760; x_wconf 87' lang='lat' dir='ltr'><strong>doctrina</strong></span> 
     </span>
     <span class='ocr_line' id='line_1_7' title="bbox 88 793 2206 876; baseline 0 -22"><span class='ocrx_word' id='word_1_53' title='bbox 88 794 375 854; x_wconf 88' lang='lat' dir='ltr'><strong>cohaerere</strong></span> <span class='ocrx_word' id='word_1_54' title='bbox 409 795 571 854; x_wconf 86' lang='lat' dir='ltr'><strong>nulla</strong></span> <span class='ocrx_word' id='word_1_55' title='bbox 610 796 836 854; x_wconf 90' lang='lat' dir='ltr'><strong>ratione</strong></span> <span class='ocrx_word' id='word_1_56' title='bbox 870 806 1087 876; x_wconf 90' lang='lat' dir='ltr'><strong>potest.</strong></span> <span class='ocrx_word' id='word_1_57' title='bbox 1120 793 1272 852; x_wconf 88' lang='lat' dir='ltr'><strong>Illud</strong></span> <span class='ocrx_word' id='word_1_58' title='bbox 1300 805 1612 876; x_wconf 91' lang='lat' dir='ltr'><strong>propterea</strong></span> <span class='ocrx_word' id='word_1_59' title='bbox 1650 795 1786 853; x_wconf 86' lang='lat' dir='ltr'><strong>totis</strong></span> <span class='ocrx_word' id='word_1_60' title='bbox 1812 795 2034 854; x_wconf 87' lang='lat' dir='ltr'><strong>viribus</strong></span> <span class='ocrx_word' id='word_1_61' title='bbox 2069 795 2206 855; x_wconf 91' lang='lat' dir='ltr'><strong>sub-</strong></span> 
     </span>
     <span class='ocr_line' id='line_1_8' title="bbox 87 889 2204 971; baseline 0.001 -22"><span class='ocrx_word' id='word_1_62' title='bbox 87 912 257 949; x_wconf 84' lang='lat' dir='ltr'>ruere</span> <span class='ocrx_word' id='word_1_63' title='bbox 285 889 584 970; x_wconf 82' lang='lat' dir='ltr'><strong>satagebat</strong></span> <span class='ocrx_word' id='word_1_64' title='bbox 620 892 681 949; x_wconf 89' lang='lat' dir='ltr'><strong>S.</strong></span> <span class='ocrx_word' id='word_1_65' title='bbox 709 890 1084 970; x_wconf 82' lang='lat' dir='ltr'><strong>AugustinuS.</strong></span> <span class='ocrx_word' id='word_1_66' title='bbox 1130 891 1372 948; x_wconf 77' lang='lat' dir='ltr'><strong>Praestat</strong></span> <span class='ocrx_word' id='word_1_67' title='bbox 1411 889 1516 947; x_wconf 89' lang='lat' dir='ltr'><strong>has</strong></span> <span class='ocrx_word' id='word_1_68' title='bbox 1554 910 1758 948; x_wconf 90' lang='lat' dir='ltr'><strong>omnes</strong></span> <span class='ocrx_word' id='word_1_69' title='bbox 1795 892 2204 971; x_wconf 84' lang='lat' dir='ltr'>responsiones</span> 
     </span>
     <span class='ocr_line' id='line_1_9' title="bbox 89 984 2210 1065; baseline 0.001 -22"><span class='ocrx_word' id='word_1_70' title='bbox 89 987 434 1044; x_wconf 88' lang='lat' dir='ltr'><strong>confirmare</strong></span> <span class='ocrx_word' id='word_1_71' title='bbox 449 1006 651 1044; x_wconf 90' lang='lat' dir='ltr'><strong>earum</strong></span> <span class='ocrx_word' id='word_1_72' title='bbox 674 1007 873 1044; x_wconf 88' lang='lat' dir='ltr'><strong>rerum</strong></span> <span class='ocrx_word' id='word_1_73' title='bbox 895 985 1259 1057; x_wconf 67' lang='lat' dir='ltr'><strong>auctoritate,</strong></span> <span class='ocrx_word' id='word_1_74' title='bbox 1279 1005 1422 1065; x_wconf 89' lang='lat' dir='ltr'><strong>quas</strong></span> <span class='ocrx_word' id='word_1_75' title='bbox 1437 985 1492 1042; x_wconf 88' lang='lat' dir='ltr'><strong>S.</strong></span> <span class='ocrx_word' id='word_1_76' title='bbox 1513 986 1728 1042; x_wconf 91' lang='lat' dir='ltr'><strong>Doctor</strong></span> <span class='ocrx_word' id='word_1_77' title='bbox 1743 984 1966 1059; x_wconf 69' lang='lat' dir='ltr'><strong>scribit7</strong></span> <span class='ocrx_word' id='word_1_78' title='bbox 1991 991 2210 1047; x_wconf 77' lang='lat' dir='ltr'><em>Contra</em></span> 
     </span>
     <span class='ocr_line' id='line_1_10' title="bbox 88 1078 2209 1162; baseline 0.001 -22"><span class='ocrx_word' id='word_1_79' title='bbox 88 1082 288 1160; x_wconf 75' lang='lat' dir='ltr'><strong>Epist.</strong></span> <span class='ocrx_word' id='word_1_80' title='bbox 322 1083 796 1160; x_wconf 65' lang='lat' dir='ltr'><strong>Pelayiarzorum</strong></span> <span class='ocrx_word' id='word_1_81' title='bbox 816 1125 832 1155; x_wconf 71' lang='grc'><em>,</em></span> <span class='ocrx_word' id='word_1_82' title='bbox 862 1080 968 1141; x_wconf 86' lang='lat' dir='ltr'><strong>lib.</strong></span> <span class='ocrx_word' id='word_1_83' title='bbox 999 1082 1023 1139; x_wconf 86' lang='grc' dir='ltr'><strong>Ι</strong></span> <span class='ocrx_word' id='word_1_84' title='bbox 1040 1126 1056 1154; x_wconf 71' lang='grc'><em>,</em></span> <span class='ocrx_word' id='word_1_85' title='bbox 1088 1101 1216 1161; x_wconf 91' lang='lat' dir='ltr'><strong>cap.</strong></span> <span class='ocrx_word' id='word_1_86' title='bbox 1248 1081 1333 1152; x_wconf 69' lang='lat'><strong>113</strong></span> <span class='ocrx_word' id='word_1_87' title='bbox 1369 1078 1773 1157; x_wconf 89' lang='lat' dir='ltr'><strong>objicientibus</strong></span> <span class='ocrx_word' id='word_1_88' title='bbox 1795 1081 2085 1162; x_wconf 85' lang='lat' dir='ltr'><strong>siquidem</strong></span> <span class='ocrx_word' id='word_1_89' title='bbox 2107 1086 2209 1143; x_wconf 92' lang='lat' dir='ltr'><strong>Pe-</strong></span> 
     </span>
     <span class='ocr_line' id='line_1_11' title="bbox 89 1174 2207 1256; baseline 0.001 -22"><span class='ocrx_word' id='word_1_90' title='bbox 89 1175 328 1255; x_wconf 80' lang='lat' dir='ltr'><strong>lagianis</strong></span> <span class='ocrx_word' id='word_1_91' title='bbox 349 1219 364 1250; x_wconf 70' lang='lat'>⁷</span> <span class='ocrx_word' id='word_1_92' title='bbox 395 1174 554 1256; x_wconf 88' lang='lat' dir='ltr'><strong>quod</strong></span> <span class='ocrx_word' id='word_1_93' title='bbox 574 1196 648 1233; x_wconf 86' lang='lat' dir='ltr'><strong>ex</strong></span> <span class='ocrx_word' id='word_1_94' title='bbox 677 1174 1110 1234; x_wconf 87' lang='lat' dir='ltr'><strong>Catholicorum</strong></span> <span class='ocrx_word' id='word_1_95' title='bbox 1138 1175 1404 1234; x_wconf 89' lang='lat' dir='ltr'><strong>doctrina</strong></span> <span class='ocrx_word' id='word_1_96' title='bbox 1424 1199 1439 1248; x_wconf 68' lang='grc' dir='ltr'><strong>ς</strong></span> <span class='ocrx_word' id='word_1_97' title='bbox 1461 1179 1669 1254; x_wconf 78' lang='lat' dir='ltr'><strong>primi</strong></span> <span class='ocrx_word' id='word_1_98' title='bbox 1691 1176 1947 1235; x_wconf 73' lang='lat' dir='ltr'><strong>hominis</strong></span> <span class='ocrx_word' id='word_1_99' title='bbox 1963 1190 2207 1256; x_wconf 83' lang='lat' dir='ltr'><strong>peccato</strong></span> 
     </span>
     <span class='ocr_line' id='line_1_12' title="bbox 86 1272 2210 1350; baseline 0 -19"><span class='ocrx_word' id='word_1_100' title='bbox 86 1272 711 1331; x_wconf 49' lang='lat' dir='ltr'><strong>liberamur-hildam</strong></span> <span class='ocrx_word' id='word_1_101' title='bbox 726 1275 1007 1350; x_wconf 75' lang='lat' dir='ltr'><strong>perierit,</strong></span> <span class='ocrx_word' id='word_1_102' title='bbox 1036 1281 1107 1328; x_wconf 75' lang='lat' dir='ltr'><strong>ut</strong></span> <span class='ocrx_word' id='word_1_103' title='bbox 1119 1291 1289 1328; x_wconf 75' lang='lat' dir='ltr'><strong>nemo</strong></span> <span class='ocrx_word' id='word_1_104' title='bbox 1296 1274 1442 1349; x_wconf 80' lang='lat' dir='ltr'><strong>jam</strong></span> <span class='ocrx_word' id='word_1_105' title='bbox 1457 1281 1803 1349; x_wconf 77' lang='lat' dir='ltr'><strong>potestatem</strong></span> <span class='ocrx_word' id='word_1_106' title='bbox 1828 1272 2045 1332; x_wconf 75' lang='lat' dir='ltr'><strong>haheat</strong></span> <span class='ocrx_word' id='word_1_107' title='bbox 2067 1274 2210 1331; x_wconf 82' lang='lat' dir='ltr'><strong>hene</strong></span> 
     </span>
     <span class='ocr_line' id='line_1_13' title="bbox 86 1367 2210 1448; baseline 0.001 -24"><span class='ocrx_word' id='word_1_108' title='bbox 86 1367 331 1425; x_wconf 77' lang='lat' dir='ltr'><strong>vivendi</strong></span> <span class='ocrx_word' id='word_1_109' title='bbox 345 1411 360 1439; x_wconf 67' lang='grc'><em>,</em></span> <span class='ocrx_word' id='word_1_110' title='bbox 397 1367 501 1424; x_wconf 82' lang='lat' dir='ltr'><strong>sed</strong></span> <span class='ocrx_word' id='word_1_111' title='bbox 526 1386 725 1424; x_wconf 75' lang='lat' dir='ltr'><strong>omnes</strong></span> <span class='ocrx_word' id='word_1_112' title='bbox 759 1370 830 1424; x_wconf 77' lang='lat' dir='ltr'><strong>in</strong></span> <span class='ocrx_word' id='word_1_113' title='bbox 847 1370 1167 1444; x_wconf 77' lang='lat' dir='ltr'><strong>peccatum</strong></span> <span class='ocrx_word' id='word_1_114' title='bbox 1205 1370 1416 1435; x_wconf 78' lang='lat' dir='ltr'><strong>car-nis</strong></span> <span class='ocrx_word' id='word_1_115' title='bbox 1453 1387 1578 1424; x_wconf 77' lang='lat' dir='ltr'><strong>suae</strong></span> <span class='ocrx_word' id='word_1_116' title='bbox 1612 1372 1952 1426; x_wconf 73' lang='lat' dir='ltr'><strong>necessitate</strong></span> <span class='ocrx_word' id='word_1_117' title='bbox 1989 1389 2210 1448; x_wconf 64' lang='lat' dir='ltr'><strong>coflan—</strong></span> 
     </span>
     <span class='ocr_line' id='line_1_14' title="bbox 87 1460 2210 1543; baseline 0.002 -25"><span class='ocrx_word' id='word_1_118' title='bbox 87 1472 223 1535; x_wconf 52' lang='lat' dir='ltr'><strong>tum</strong></span> <span class='ocrx_word' id='word_1_119' title='bbox 258 1460 576 1543; x_wconf 83' lang='lat' dir='ltr'><strong>respondet</strong></span> <span class='ocrx_word' id='word_1_120' title='bbox 616 1483 629 1518; x_wconf 73' lang='grc' dir='ltr'>ε</span> <span class='ocrx_word' id='word_1_121' title='bbox 669 1462 819 1540; x_wconf 78' lang='lat' dir='ltr'><strong>Quis</strong></span> <span class='ocrx_word' id='word_1_122' title='bbox 846 1473 1123 1520; x_wconf 78' lang='lat' dir='ltr'><strong>nostrum</strong></span> <span class='ocrx_word' id='word_1_123' title='bbox 1149 1463 1319 1520; x_wconf 75' lang='lat' dir='ltr'><strong>dicat</strong></span> <span class='ocrx_word' id='word_1_124' title='bbox 1331 1504 1353 1533; x_wconf 83' lang='lat'><em>,</em></span> <span class='ocrx_word' id='word_1_125' title='bbox 1382 1463 1543 1541; x_wconf 79' lang='lat' dir='ltr'><strong>quod</strong></span> <span class='ocrx_word' id='word_1_126' title='bbox 1556 1467 1761 1541; x_wconf 71' lang='lat' dir='ltr'><strong>primi</strong></span> <span class='ocrx_word' id='word_1_127' title='bbox 1791 1463 2054 1522; x_wconf 71' lang='lat' dir='ltr'><strong>hominis</strong></span> <span class='ocrx_word' id='word_1_128' title='bbox 2067 1486 2210 1543; x_wconf 76' lang='lat' dir='ltr'><strong>pec-</strong></span> 
     </span>
     <span class='ocr_line' id='line_1_15' title="bbox 88 1557 2209 1637; baseline 0.001 -22"><span class='ocrx_word' id='word_1_129' title='bbox 88 1567 216 1615; x_wconf 81' lang='lat' dir='ltr'><strong>cato</strong></span> <span class='ocrx_word' id='word_1_130' title='bbox 248 1561 511 1635; x_wconf 76' lang='lat' dir='ltr'><strong>perierit</strong></span> <span class='ocrx_word' id='word_1_131' title='bbox 546 1558 810 1615; x_wconf 81' lang='lat' dir='ltr'><strong>liberum</strong></span> <span class='ocrx_word' id='word_1_132' title='bbox 848 1558 1185 1616; x_wconf 77' lang='lat' dir='ltr'><strong>arbitrium</strong></span> <span class='ocrx_word' id='word_1_133' title='bbox 1233 1559 1303 1616; x_wconf 89' lang='lat' dir='ltr'><strong>de</strong></span> <span class='ocrx_word' id='word_1_134' title='bbox 1343 1558 1608 1616; x_wconf 75' lang='lat' dir='ltr'><strong>humano</strong></span> <span class='ocrx_word' id='word_1_135' title='bbox 1641 1557 1896 1637; x_wconf 69' lang='lat' dir='ltr'><strong>yenere?</strong></span> <span class='ocrx_word' id='word_1_136' title='bbox 1931 1560 2209 1619; x_wconf 72' lang='lat' dir='ltr'><strong>Libertas</strong></span> 
     </span>
     <span class='ocr_line' id='line_1_16' title="bbox 86 1653 2205 1733; baseline 0.002 -25"><span class='ocrx_word' id='word_1_137' title='bbox 86 1653 330 1731; x_wconf 80' lang='lat' dir='ltr'><strong>quidem</strong></span> <span class='ocrx_word' id='word_1_138' title='bbox 354 1656 549 1731; x_wconf 76' lang='lat' dir='ltr'><strong>periit</strong></span> <span class='ocrx_word' id='word_1_139' title='bbox 565 1674 684 1731; x_wconf 80' lang='lat' dir='ltr'><strong>per</strong></span> <span class='ocrx_word' id='word_1_140' title='bbox 710 1664 1064 1731; x_wconf 79' lang='lat' dir='ltr'><strong>peccatum,</strong></span> <span class='ocrx_word' id='word_1_141' title='bbox 1101 1653 1207 1711; x_wconf 80' lang='lat' dir='ltr'><strong>sed</strong></span> <span class='ocrx_word' id='word_1_142' title='bbox 1243 1654 1354 1712; x_wconf 76' lang='lat' dir='ltr'><strong>illa</strong></span> <span class='ocrx_word' id='word_1_143' title='bbox 1381 1697 1397 1727; x_wconf 62' lang='lat'>7</span> <span class='ocrx_word' id='word_1_144' title='bbox 1438 1674 1572 1731; x_wconf 83' lang='lat' dir='ltr'><strong>quoe</strong></span> <span class='ocrx_word' id='word_1_145' title='bbox 1609 1657 1679 1713; x_wconf 80' lang='lat' dir='ltr'><strong>in</strong></span> <span class='ocrx_word' id='word_1_146' title='bbox 1713 1655 2010 1733; x_wconf 75' lang='lat' dir='ltr'><strong>paradiso</strong></span> <span class='ocrx_word' id='word_1_147' title='bbox 2043 1656 2205 1732; x_wconf 61' lang='lat' dir='ltr'><strong>fuit„</strong></span> 
     </span>
     <span class='ocr_line' id='line_1_17' title="bbox 86 1747 2210 1829; baseline 0.001 -25"><span class='ocrx_word' id='word_1_148' title='bbox 86 1747 354 1804; x_wconf 75' lang='lat' dir='ltr'><strong>habendi</strong></span> <span class='ocrx_word' id='word_1_149' title='bbox 367 1748 617 1826; x_wconf 79' lang='lat' dir='ltr'><strong>plenam</strong></span> <span class='ocrx_word' id='word_1_150' title='bbox 632 1769 774 1806; x_wconf 80' lang='lat' dir='ltr'><strong>cum</strong></span> <span class='ocrx_word' id='word_1_151' title='bbox 801 1749 1254 1806; x_wconf 79' lang='lat' dir='ltr'><strong>immortalitate</strong></span> <span class='ocrx_word' id='word_1_152' title='bbox 1258 1751 1602 1826; x_wconf 73' lang='lat' dir='ltr'><strong>justitiam.</strong></span> <span class='ocrx_word' id='word_1_153' title='bbox 1632 1749 1892 1829; x_wconf 75' lang='lat' dir='ltr'><strong>Propter</strong></span> <span class='ocrx_word' id='word_1_154' title='bbox 1915 1750 2080 1828; x_wconf 78' lang='lat' dir='ltr'><strong>quod</strong></span> <span class='ocrx_word' id='word_1_155' title='bbox 2093 1771 2210 1819; x_wconf 74' lang='grc' dir='ltr'><strong>ηα-</strong></span> 
     </span>
     <span class='ocr_line' id='line_1_18' title="bbox 86 1842 2211 1922; baseline 0.001 -22"><span class='ocrx_word' id='word_1_156' title='bbox 86 1852 228 1900; x_wconf 76' lang='lat' dir='ltr'><strong>tura</strong></span> <span class='ocrx_word' id='word_1_157' title='bbox 260 1842 535 1900; x_wconf 75' lang='lat' dir='ltr'><strong>humana</strong></span> <span class='ocrx_word' id='word_1_158' title='bbox 574 1843 789 1901; x_wconf 81' lang='lat' dir='ltr'><strong>divina</strong></span> <span class='ocrx_word' id='word_1_159' title='bbox 830 1844 1064 1922; x_wconf 59' lang='lat' dir='ltr'><strong>indzyet</strong></span> <span class='ocrx_word' id='word_1_160' title='bbox 1091 1849 1298 1922; x_wconf 74' lang='lat' dir='ltr'><strong>qratia</strong></span> <span class='ocrx_word' id='word_1_161' title='bbox 1313 1886 1335 1914; x_wconf 82' lang='lat'><em>,</em></span> <span class='ocrx_word' id='word_1_162' title='bbox 1376 1845 1605 1902; x_wconf 77' lang='lat' dir='ltr'><strong>dicente</strong></span> <span class='ocrx_word' id='word_1_163' title='bbox 1647 1846 1912 1903; x_wconf 73' lang='lat' dir='ltr'><strong>Domino</strong></span> <span class='ocrx_word' id='word_1_164' title='bbox 1952 1866 1965 1901; x_wconf 74' lang='grc' dir='ltr'>ε</span> <span class='ocrx_word' id='word_1_165' title='bbox 2010 1845 2086 1903; x_wconf 64' lang='grc' dir='ltr'><strong>δι’</strong></span> <span class='ocrx_word' id='word_1_166' title='bbox 2115 1865 2211 1903; x_wconf 76' lang='lat' dir='ltr'><strong>vos</strong></span> 
     </span>
     <span class='ocr_line' id='line_1_19' title="bbox 87 1938 2209 2019; baseline 0.001 -23"><span class='ocrx_word' id='word_1_167' title='bbox 87 1938 290 1996; x_wconf 72' lang='lat' dir='ltr'><strong>Filius</strong></span> <span class='ocrx_word' id='word_1_168' title='bbox 322 1938 700 2011; x_wconf 63' lang='lat' dir='ltr'><strong>liberaverit,</strong></span> <span class='ocrx_word' id='word_1_169' title='bbox 736 1949 881 1997; x_wconf 79' lang='lat' dir='ltr'><strong>tunc</strong></span> <span class='ocrx_word' id='word_1_170' title='bbox 904 1959 1039 1997; x_wconf 78' lang='lat' dir='ltr'><strong>vere</strong></span> <span class='ocrx_word' id='word_1_171' title='bbox 1056 1939 1237 1997; x_wconf 70' lang='lat' dir='ltr'><strong>liberi</strong></span> <span class='ocrx_word' id='word_1_172' title='bbox 1257 1943 1460 2010; x_wconf 75' lang='lat' dir='ltr'><strong>eritis,</strong></span> <span class='ocrx_word' id='word_1_173' title='bbox 1491 1944 1702 2018; x_wconf 72' lang='lat' dir='ltr'><strong>utique</strong></span> <span class='ocrx_word' id='word_1_174' title='bbox 1731 1941 1818 1998; x_wconf 82' lang='lat' dir='ltr'><strong>ad</strong></span> <span class='ocrx_word' id='word_1_175' title='bbox 1855 1942 1997 1998; x_wconf 80' lang='lat' dir='ltr'><strong>hene</strong></span> <span class='ocrx_word' id='word_1_176' title='bbox 2012 1945 2209 2019; x_wconf 77' lang='lat' dir='ltr'><strong>juste-</strong></span> 
     </span>
     <span class='ocr_line' id='line_1_20' title="bbox 86 2032 2209 2116; baseline 0 -24"><span class='ocrx_word' id='word_1_177' title='bbox 86 2055 201 2112; x_wconf 81' lang='lat' dir='ltr'><strong>que</strong></span> <span class='ocrx_word' id='word_1_178' title='bbox 230 2034 571 2095; x_wconf 78' lang='lat' dir='ltr'><strong>vivendum.</strong></span> <span class='ocrx_word' id='word_1_179' title='bbox 604 2035 739 2093; x_wconf 89' lang='lat' dir='ltr'><strong>Haec</strong></span> <span class='ocrx_word' id='word_1_180' title='bbox 761 2032 937 2116; x_wconf 88' lang='lat' dir='ltr'><strong>plane</strong></span> <span class='ocrx_word' id='word_1_181' title='bbox 959 2034 1337 2105; x_wconf 82' lang='lat' dir='ltr'><strong>invictissime</strong></span> <span class='ocrx_word' id='word_1_182' title='bbox 1361 2033 1684 2093; x_wconf 85' lang='lat' dir='ltr'><strong>ostendunt</strong></span> <span class='ocrx_word' id='word_1_183' title='bbox 1703 2080 1719 2109; x_wconf 66' lang='lat'><em>7</em></span> <span class='ocrx_word' id='word_1_184' title='bbox 1749 2055 1928 2115; x_wconf 86' lang='lat' dir='ltr'><strong>quam</strong></span> <span class='ocrx_word' id='word_1_185' title='bbox 1953 2035 2209 2116; x_wconf 85' lang='lat' dir='ltr'><strong>turpiter</strong></span> 
     </span>
     <span class='ocr_line' id='line_1_21' title="bbox 90 2127 2211 2212; baseline 0.001 -26"><span class='ocrx_word' id='word_1_186' title='bbox 90 2149 155 2186; x_wconf 92' lang='lat' dir='ltr'><strong>ac</strong></span> <span class='ocrx_word' id='word_1_187' title='bbox 182 2127 582 2188; x_wconf 84' lang='lat' dir='ltr'><strong>fraudulenter</strong></span> <span class='ocrx_word' id='word_1_188' title='bbox 612 2130 894 2189; x_wconf 87' lang='lat' dir='ltr'><strong>erraverit</strong></span> <span class='ocrx_word' id='word_1_189' title='bbox 927 2129 1238 2189; x_wconf 87' lang='lat' dir='ltr'><strong>Jansenius</strong></span> <span class='ocrx_word' id='word_1_190' title='bbox 1281 2130 1345 2188; x_wconf 90' lang='lat' dir='ltr'><strong>in</strong></span> <span class='ocrx_word' id='word_1_191' title='bbox 1382 2128 1637 2190; x_wconf 89' lang='lat' dir='ltr'><strong>videnda</strong></span> <span class='ocrx_word' id='word_1_192' title='bbox 1666 2174 1683 2203; x_wconf 78' lang='lat'><strong>·›</strong></span> <span class='ocrx_word' id='word_1_193' title='bbox 1715 2132 1792 2188; x_wconf 52' lang='lat' dir='ltr'><strong>‘ut</strong></span> <span class='ocrx_word' id='word_1_194' title='bbox 1827 2130 1952 2212; x_wconf 91' lang='lat' dir='ltr'><strong>ipse</strong></span> <span class='ocrx_word' id='word_1_195' title='bbox 1992 2130 2107 2204; x_wconf 64' lang='lat' dir='ltr'><strong>ait,</strong></span> <span class='ocrx_word' id='word_1_196' title='bbox 2151 2140 2211 2189; x_wconf 88' lang='lat' dir='ltr'><strong>et</strong></span> 
     </span>
     <span class='ocr_line' id='line_1_22' title="bbox 91 2223 1063 2304; baseline 0.001 -23"><span class='ocrx_word' id='word_1_197' title='bbox 91 2223 397 2282; x_wconf 88' lang='lat' dir='ltr'><strong>asserenda</strong></span> <span class='ocrx_word' id='word_1_198' title='bbox 431 2225 728 2304; x_wconf 82' lang='lat' dir='ltr'><strong>Augustini</strong></span> <span class='ocrx_word' id='word_1_199' title='bbox 753 2225 1063 2284; x_wconf 89' lang='lat' dir='ltr'><strong>sententia.</strong></span> 
     </span>
    </p>

    <p class='ocr_par' dir='ltr' id='par_1_3' title="bbox 93 2318 2212 2686">
     <span class='ocr_line' id='line_1_23' title="bbox 176 2318 2210 2402; baseline 0.001 -26"><span class='ocrx_word' id='word_1_200' title='bbox 176 2318 318 2377; x_wconf 83' lang='lat'><strong>561.</strong></span> <span class='ocrx_word' id='word_1_201' title='bbox 367 2318 456 2378; x_wconf 86' lang='lat' dir='ltr'><strong>Ad</strong></span> <span class='ocrx_word' id='word_1_202' title='bbox 485 2319 667 2395; x_wconf 72' lang='lat' dir='ltr'><strong>illud.,</strong></span> <span class='ocrx_word' id='word_1_203' title='bbox 712 2319 869 2402; x_wconf 91' lang='lat' dir='ltr'><strong>quod</strong></span> <span class='ocrx_word' id='word_1_204' title='bbox 898 2319 1135 2379; x_wconf 85' lang='lat' dir='ltr'><strong>additur</strong></span> <span class='ocrx_word' id='word_1_205' title='bbox 1163 2341 1236 2379; x_wconf 82' lang='lat' dir='ltr'><strong>ex</strong></span> <span class='ocrx_word' id='word_1_206' title='bbox 1273 2319 1480 2380; x_wconf 88' lang='lat' dir='ltr'><strong>eodem</strong></span> <span class='ocrx_word' id='word_1_207' title='bbox 1518 2331 1719 2379; x_wconf 89' lang='lat' dir='ltr'><strong>sancto</strong></span> <span class='ocrx_word' id='word_1_208' title='bbox 1758 2322 2006 2379; x_wconf 91' lang='lat' dir='ltr'><strong>Doctore</strong></span> <span class='ocrx_word' id='word_1_209' title='bbox 2036 2343 2051 2377; x_wconf 71' lang='grc' dir='ltr'>ι</span> <span class='ocrx_word' id='word_1_210' title='bbox 2083 2321 2210 2380; x_wconf 74' lang='lat' dir='ltr'><strong>Nos</strong></span> 
     </span>
     <span class='ocr_line' id='line_1_24' title="bbox 93 2414 2207 2497; baseline -0 -23"><span class='ocrx_word' id='word_1_211' title='bbox 93 2437 215 2474; x_wconf 80' lang='lat' dir='ltr'><strong>non</strong></span> <span class='ocrx_word' id='word_1_212' title='bbox 246 2437 450 2496; x_wconf 66' lang='lat' dir='ltr'><strong>aqere,</strong></span> <span class='ocrx_word' id='word_1_213' title='bbox 480 2418 584 2475; x_wconf 78' lang='lat' dir='ltr'><strong>secl</strong></span> <span class='ocrx_word' id='word_1_214' title='bbox 603 2421 742 2496; x_wconf 74' lang='lat' dir='ltr'><strong>aqi,</strong></span> <span class='ocrx_word' id='word_1_215' title='bbox 776 2416 1115 2497; x_wconf 87' lang='lat' dir='ltr'><strong>reponimus</strong></span> <span class='ocrx_word' id='word_1_216' title='bbox 1144 2415 1356 2476; x_wconf 88' lang='lat' dir='ltr'><strong>falsum</strong></span> <span class='ocrx_word' id='word_1_217' title='bbox 1381 2437 1506 2476; x_wconf 89' lang='lat' dir='ltr'><strong>esse</strong></span> <span class='ocrx_word' id='word_1_218' title='bbox 1524 2461 1540 2487; x_wconf 70' lang='lat'>,</span> <span class='ocrx_word' id='word_1_219' title='bbox 1570 2417 1729 2497; x_wconf 85' lang='lat' dir='ltr'><strong>quod</strong></span> <span class='ocrx_word' id='word_1_220' title='bbox 1752 2416 2070 2477; x_wconf 76' lang='lat' dir='ltr'><strong>adversarii</strong></span> <span class='ocrx_word' id='word_1_221' title='bbox 2098 2414 2207 2474; x_wconf 81' lang='lat' dir='ltr'><strong>ob-</strong></span> 
     </span>
     <span class='ocr_line' id='line_1_25' title="bbox 93 2506 2212 2593; baseline 0 -25"><span class='ocrx_word' id='word_1_222' title='bbox 93 2510 374 2584; x_wconf 84' lang='lat' dir='ltr'><strong>trudunt;</strong></span> <span class='ocrx_word' id='word_1_223' title='bbox 407 2533 548 2570; x_wconf 91' lang='lat' dir='ltr'><strong>nam</strong></span> <span class='ocrx_word' id='word_1_224' title='bbox 575 2512 632 2570; x_wconf 88' lang='lat' dir='ltr'><strong>S.</strong></span> <span class='ocrx_word' id='word_1_225' title='bbox 675 2512 1027 2591; x_wconf 84' lang='lat' dir='ltr'><strong>Augustinus</strong></span> <span class='ocrx_word' id='word_1_226' title='bbox 1061 2510 1206 2570; x_wconf 89' lang='lat' dir='ltr'><strong>ibid.</strong></span> <span class='ocrx_word' id='word_1_227' title='bbox 1246 2523 1448 2593; x_wconf 89' lang='lat' dir='ltr'><strong>aperte</strong></span> <span class='ocrx_word' id='word_1_228' title='bbox 1474 2510 1615 2570; x_wconf 89' lang='lat' dir='ltr'><strong>dicit</strong></span> <span class='ocrx_word' id='word_1_229' title='bbox 1640 2534 1654 2571; x_wconf 90' lang='lat'>:</span> <span class='ocrx_word' id='word_1_230' title='bbox 1684 2506 1881 2581; x_wconf 79' lang='lat' dir='ltr'><strong>Immo</strong></span> <span class='ocrx_word' id='word_1_231' title='bbox 1913 2522 1969 2569; x_wconf 78' lang='lat' dir='ltr'><strong>et</strong></span> <span class='ocrx_word' id='word_1_232' title='bbox 1996 2516 2128 2591; x_wconf 72' lang='lat' dir='ltr'><strong>ayz&#39;s</strong></span> <span class='ocrx_word' id='word_1_233' title='bbox 2157 2521 2212 2569; x_wconf 76' lang='lat' dir='ltr'><strong>et</strong></span> 
     </span>
     <span class='ocr_line' id='line_1_26' title="bbox 93 2608 927 2686; baseline 0.001 -22"><span class='ocrx_word' id='word_1_234' title='bbox 93 2611 323 2686; x_wconf 65' lang='lat' dir='ltr'><strong>ageris,</strong></span> <span class='ocrx_word' id='word_1_235' title='bbox 369 2611 428 2665; x_wconf 77' lang='lat' dir='ltr'><strong>si</strong></span> <span class='ocrx_word' id='word_1_236' title='bbox 448 2627 488 2665; x_wconf 88' lang='lat' dir='ltr'><strong>a</strong></span> <span class='ocrx_word' id='word_1_237' title='bbox 512 2608 661 2666; x_wconf 79' lang='lat' dir='ltr'><strong>hono</strong></span> <span class='ocrx_word' id='word_1_238' title='bbox 699 2612 927 2686; x_wconf 65' lang='lat' dir='ltr'><strong>agaris.</strong></span> 
     </span>
    </p>

    <p class='ocr_par' dir='ltr' id='par_1_4' title="bbox 79 2700 2218 3644">
     <span class='ocr_line' id='line_1_27' title="bbox 177 2700 2206 2784; baseline 0.001 -27"><span class='ocrx_word' id='word_1_239' title='bbox 177 2700 318 2764; x_wconf 79' lang='lat'><strong>562.</strong></span> <span class='ocrx_word' id='word_1_240' title='bbox 363 2701 496 2780; x_wconf 88' lang='lat' dir='ltr'><strong>Obj.</strong></span> <span class='ocrx_word' id='word_1_241' title='bbox 529 2703 725 2761; x_wconf 88' lang='lat' dir='ltr'><strong>tertia.</strong></span> <span class='ocrx_word' id='word_1_242' title='bbox 755 2702 1035 2761; x_wconf 85' lang='lat' dir='ltr'><strong>Voluntas</strong></span> <span class='ocrx_word' id='word_1_243' title='bbox 1064 2722 1371 2783; x_wconf 88' lang='lat' dir='ltr'><strong>nunquam</strong></span> <span class='ocrx_word' id='word_1_244' title='bbox 1400 2703 1551 2782; x_wconf 69' lang='lat' dir='ltr'><strong>agit7</strong></span> <span class='ocrx_word' id='word_1_245' title='bbox 1586 2702 1688 2761; x_wconf 88' lang='lat' dir='ltr'><strong>sed</strong></span> <span class='ocrx_word' id='word_1_246' title='bbox 1727 2723 1959 2784; x_wconf 89' lang='lat' dir='ltr'><strong>semper</strong></span> <span class='ocrx_word' id='word_1_247' title='bbox 1998 2702 2206 2782; x_wconf 80' lang='lat' dir='ltr'><strong>agitur.</strong></span> 
     </span>
     <span class='ocr_line' id='line_1_28' title="bbox 104 2794 2212 2880; baseline 0.002 -28"><span class='ocrx_word' id='word_1_248' title='bbox 104 2795 165 2852; x_wconf 80' lang='grc' dir='ltr'><strong>1ο</strong></span> <span class='ocrx_word' id='word_1_249' title='bbox 184 2794 288 2855; x_wconf 85' lang='lat' dir='ltr'><strong>Vel</strong></span> <span class='ocrx_word' id='word_1_250' title='bbox 313 2797 473 2856; x_wconf 90' lang='lat' dir='ltr'><strong>enim</strong></span> <span class='ocrx_word' id='word_1_251' title='bbox 497 2796 721 2856; x_wconf 90' lang='lat' dir='ltr'><strong>malum</strong></span> <span class='ocrx_word' id='word_1_252' title='bbox 745 2809 1080 2870; x_wconf 89' lang='lat' dir='ltr'><strong>aversatur,</strong></span> <span class='ocrx_word' id='word_1_253' title='bbox 1103 2797 1198 2857; x_wconf 90' lang='lat' dir='ltr'><strong>vel</strong></span> <span class='ocrx_word' id='word_1_254' title='bbox 1230 2796 1456 2857; x_wconf 88' lang='lat' dir='ltr'><strong>bonum</strong></span> <span class='ocrx_word' id='word_1_255' title='bbox 1476 2798 1866 2880; x_wconf 87' lang='lat' dir='ltr'><strong>prosequitur.</strong></span> <span class='ocrx_word' id='word_1_256' title='bbox 1896 2798 1954 2858; x_wconf 87' lang='lat' dir='ltr'><strong>Si</strong></span> <span class='ocrx_word' id='word_1_257' title='bbox 1983 2796 2212 2857; x_wconf 89' lang='lat' dir='ltr'><strong>malum</strong></span> 
     </span>
     <span class='ocr_line' id='line_1_29' title="bbox 99 2892 2211 2978; baseline 0.004 -31"><span class='ocrx_word' id='word_1_258' title='bbox 99 2902 429 2967; x_wconf 72' lang='lat' dir='ltr'><strong>aversatur,</strong></span> <span class='ocrx_word' id='word_1_259' title='bbox 461 2893 782 2953; x_wconf 89' lang='lat' dir='ltr'><strong>necessario</strong></span> <span class='ocrx_word' id='word_1_260' title='bbox 808 2905 1110 2955; x_wconf 87' lang='lat' dir='ltr'><strong>aversatur</strong></span> <span class='ocrx_word' id='word_1_261' title='bbox 1128 2939 1146 2966; x_wconf 56' lang='lat'><em>7</em></span> <span class='ocrx_word' id='word_1_262' title='bbox 1175 2915 1242 2952; x_wconf 91' lang='lat' dir='ltr'><strong>eo</strong></span> <span class='ocrx_word' id='word_1_263' title='bbox 1275 2894 1402 2978; x_wconf 91' lang='lat' dir='ltr'><strong>ipso</strong></span> <span class='ocrx_word' id='word_1_264' title='bbox 1428 2894 1587 2976; x_wconf 88' lang='lat' dir='ltr'><strong>quod</strong></span> <span class='ocrx_word' id='word_1_265' title='bbox 1620 2892 1911 2970; x_wconf 73' lang='lat' dir='ltr'><strong>felicitati,</strong></span> <span class='ocrx_word' id='word_1_266' title='bbox 1938 2895 2000 2955; x_wconf 91' lang='lat' dir='ltr'><strong>in</strong></span> <span class='ocrx_word' id='word_1_267' title='bbox 2030 2917 2211 2978; x_wconf 85' lang='lat' dir='ltr'><strong>quam</strong></span> 
     </span>
     <span class='ocr_line' id='line_1_30' title="bbox 98 2987 2205 3073; baseline 0.004 -31"><span class='ocrx_word' id='word_1_268' title='bbox 98 2987 448 3045; x_wconf 85' lang='lat' dir='ltr'><strong>neccessario</strong></span> <span class='ocrx_word' id='word_1_269' title='bbox 474 2988 700 3064; x_wconf 72' lang='lat' dir='ltr'><strong>tendit,</strong></span> <span class='ocrx_word' id='word_1_270' title='bbox 732 3000 1064 3071; x_wconf 90' lang='lat' dir='ltr'><strong>opponatur</strong></span> <span class='ocrx_word' id='word_1_271' title='bbox 1085 3013 1111 3062; x_wconf 82' lang='lat'><strong>,-</strong></span> <span class='ocrx_word' id='word_1_272' title='bbox 1148 2989 1216 3046; x_wconf 79' lang='lat'><strong>2⁰</strong></span> <span class='ocrx_word' id='word_1_273' title='bbox 1251 2987 1408 3071; x_wconf 84' lang='lat' dir='ltr'><strong>quod</strong></span> <span class='ocrx_word' id='word_1_274' title='bbox 1446 2990 1494 3048; x_wconf 92' lang='lat' dir='ltr'><strong>si</strong></span> <span class='ocrx_word' id='word_1_275' title='bbox 1532 2988 1758 3048; x_wconf 88' lang='lat' dir='ltr'><strong>bonum</strong></span> <span class='ocrx_word' id='word_1_276' title='bbox 1791 2992 2205 3073; x_wconf 86' lang='lat' dir='ltr'><strong>prosequitur,</strong></span> 
     </span>
     <span class='ocr_line' id='line_1_31' title="bbox 98 3083 2211 3169; baseline 0.005 -33"><span class='ocrx_word' id='word_1_277' title='bbox 98 3099 328 3160; x_wconf 90' lang='lat' dir='ltr'><strong>semper</strong></span> <span class='ocrx_word' id='word_1_278' title='bbox 346 3084 666 3143; x_wconf 87' lang='lat' dir='ltr'><strong>necessario</strong></span> <span class='ocrx_word' id='word_1_279' title='bbox 693 3089 880 3162; x_wconf 89' lang='lat' dir='ltr'><strong>majus</strong></span> <span class='ocrx_word' id='word_1_280' title='bbox 905 3083 1130 3143; x_wconf 88' lang='lat' dir='ltr'><strong>bonum</strong></span> <span class='ocrx_word' id='word_1_281' title='bbox 1151 3085 1524 3166; x_wconf 88' lang='lat' dir='ltr'><strong>prosequitur</strong></span> <span class='ocrx_word' id='word_1_282' title='bbox 1562 3084 1657 3145; x_wconf 87' lang='lat' dir='ltr'><strong>vel</strong></span> <span class='ocrx_word' id='word_1_283' title='bbox 1695 3085 1852 3146; x_wconf 89' lang='lat' dir='ltr'><strong>reale</strong></span> <span class='ocrx_word' id='word_1_284' title='bbox 1885 3086 1982 3148; x_wconf 86' lang='lat' dir='ltr'><strong>vel</strong></span> <span class='ocrx_word' id='word_1_285' title='bbox 2025 3083 2211 3169; x_wconf 85' lang='lat' dir='ltr'><strong>appa-</strong></span> 
     </span>
     <span class='ocr_line' id='line_1_32' title="bbox 100 3177 2211 3264; baseline 0.005 -34"><span class='ocrx_word' id='word_1_286' title='bbox 100 3194 267 3247; x_wconf 89' lang='lat' dir='ltr'><strong>rens,</strong></span> <span class='ocrx_word' id='word_1_287' title='bbox 299 3196 418 3234; x_wconf 89' lang='lat' dir='ltr'><strong>non</strong></span> <span class='ocrx_word' id='word_1_288' title='bbox 442 3177 631 3237; x_wconf 90' lang='lat' dir='ltr'><strong>solum</strong></span> <span class='ocrx_word' id='word_1_289' title='bbox 655 3183 717 3237; x_wconf 86' lang='lat' dir='ltr'><strong>in</strong></span> <span class='ocrx_word' id='word_1_290' title='bbox 748 3201 962 3259; x_wconf 82' lang='lat' dir='ltr'><strong>genere</strong></span> <span class='ocrx_word' id='word_1_291' title='bbox 985 3226 1000 3255; x_wconf 72' lang='grc'><em>,</em></span> <span class='ocrx_word' id='word_1_292' title='bbox 1039 3179 1143 3239; x_wconf 91' lang='lat' dir='ltr'><strong>sed</strong></span> <span class='ocrx_word' id='word_1_293' title='bbox 1171 3180 1348 3238; x_wconf 90' lang='lat' dir='ltr'><strong>etiam</strong></span> <span class='ocrx_word' id='word_1_294' title='bbox 1383 3181 1445 3239; x_wconf 92' lang='lat' dir='ltr'><strong>in</strong></span> <span class='ocrx_word' id='word_1_295' title='bbox 1482 3182 1673 3263; x_wconf 91' lang='lat' dir='ltr'><strong>specie</strong></span> <span class='ocrx_word' id='word_1_296' title='bbox 1713 3202 1815 3241; x_wconf 90' lang='lat' dir='ltr'><strong>seu</strong></span> <span class='ocrx_word' id='word_1_297' title='bbox 1854 3182 1917 3240; x_wconf 94' lang='lat' dir='ltr'><strong>in</strong></span> <span class='ocrx_word' id='word_1_298' title='bbox 1949 3184 2211 3264; x_wconf 86' lang='lat' dir='ltr'><strong>particu-</strong></span> 
     </span>
     <span class='ocr_line' id='line_1_33' title="bbox 97 3266 2212 3359; baseline 0.005 -34"><span class='ocrx_word' id='word_1_299' title='bbox 97 3266 224 3327; x_wconf 87' lang='lat' dir='ltr'><strong>lari.</strong></span> <span class='ocrx_word' id='word_1_300' title='bbox 268 3268 334 3327; x_wconf 81' lang='lat'><strong>30</strong></span> <span class='ocrx_word' id='word_1_301' title='bbox 358 3269 416 3333; x_wconf 88' lang='lat' dir='ltr'><strong>Si</strong></span> <span class='ocrx_word' id='word_1_302' title='bbox 439 3292 576 3331; x_wconf 88' lang='lat' dir='ltr'><strong>vero</strong></span> <span class='ocrx_word' id='word_1_303' title='bbox 611 3273 825 3349; x_wconf 87' lang='lat' dir='ltr'><strong>diversi</strong></span> <span class='ocrx_word' id='word_1_304' title='bbox 863 3275 1089 3355; x_wconf 81' lang='lat' dir='ltr'><strong>generis</strong></span> <span class='ocrx_word' id='word_1_305' title='bbox 1114 3273 1267 3333; x_wconf 90' lang='lat' dir='ltr'><strong>bona</strong></span> <span class='ocrx_word' id='word_1_306' title='bbox 1294 3269 1367 3334; x_wconf 88' lang='lat' dir='ltr'><strong>ab</strong></span> <span class='ocrx_word' id='word_1_307' title='bbox 1395 3276 1700 3336; x_wconf 88' lang='lat' dir='ltr'><strong>intellectu</strong></span> <span class='ocrx_word' id='word_1_308' title='bbox 1727 3288 1794 3336; x_wconf 89' lang='lat' dir='ltr'><strong>ut</strong></span> <span class='ocrx_word' id='word_1_309' title='bbox 1819 3277 2066 3359; x_wconf 84' lang='lat' dir='ltr'><strong>aequalia</strong></span> <span class='ocrx_word' id='word_1_310' title='bbox 2103 3299 2212 3359; x_wconf 90' lang='lat' dir='ltr'><strong>ap-</strong></span> 
     </span>
     <span class='ocr_line' id='line_1_34' title="bbox 79 3361 2213 3455; baseline 0.006 -35"><span class='ocrx_word' id='word_1_311' title='bbox 79 3362 572 3445; x_wconf 68' lang='lat' dir='ltr'><strong>prehendantur,</strong></span> <span class='ocrx_word' id='word_1_312' title='bbox 602 3368 869 3430; x_wconf 86' lang='lat' dir='ltr'><strong>voluntas</strong></span> <span class='ocrx_word' id='word_1_313' title='bbox 906 3392 1211 3452; x_wconf 88' lang='lat' dir='ltr'><strong>nunquam</strong></span> <span class='ocrx_word' id='word_1_314' title='bbox 1244 3361 1450 3451; x_wconf 76' lang='lat' dir='ltr'><strong>eliget3</strong></span> <span class='ocrx_word' id='word_1_315' title='bbox 1482 3370 1741 3455; x_wconf 90' lang='lat' dir='ltr'><strong>alioquin</strong></span> <span class='ocrx_word' id='word_1_316' title='bbox 1780 3373 1939 3432; x_wconf 91' lang='lat' dir='ltr'><strong>enim</strong></span> <span class='ocrx_word' id='word_1_317' title='bbox 1974 3372 2213 3452; x_wconf 83' lang='lat' dir='ltr'><strong>eligeret</strong></span> 
     </span>
     <span class='ocr_line' id='line_1_35' title="bbox 96 3460 2213 3549; baseline 0.004 -32"><span class='ocrx_word' id='word_1_318' title='bbox 96 3460 221 3519; x_wconf 86' lang='lat' dir='ltr'><strong>sine</strong></span> <span class='ocrx_word' id='word_1_319' title='bbox 247 3462 472 3521; x_wconf 87' lang='lat' dir='ltr'><strong>ratione</strong></span> <span class='ocrx_word' id='word_1_320' title='bbox 495 3462 800 3525; x_wconf 88' lang='lat' dir='ltr'><strong>sufficienti</strong></span> <span class='ocrx_word' id='word_1_321' title='bbox 819 3511 834 3541; x_wconf 72' lang='lat'>‚</span> <span class='ocrx_word' id='word_1_322' title='bbox 855 3465 1097 3525; x_wconf 88' lang='lat' dir='ltr'><strong>bilancis</strong></span> <span class='ocrx_word' id='word_1_323' title='bbox 1122 3465 1184 3523; x_wconf 92' lang='lat' dir='ltr'><strong>in</strong></span> <span class='ocrx_word' id='word_1_324' title='bbox 1200 3467 1445 3526; x_wconf 88' lang='lat' dir='ltr'><strong>modum</strong></span> <span class='ocrx_word' id='word_1_325' title='bbox 1465 3513 1480 3542; x_wconf 76' lang='grc'><em>,</em></span> <span class='ocrx_word' id='word_1_326' title='bbox 1511 3488 1642 3549; x_wconf 80' lang='lat' dir='ltr'><strong>quae</strong></span> <span class='ocrx_word' id='word_1_327' title='bbox 1669 3469 1718 3526; x_wconf 88' lang='lat' dir='ltr'><strong>si</strong></span> <span class='ocrx_word' id='word_1_328' title='bbox 1741 3468 2019 3548; x_wconf 89' lang='lat' dir='ltr'><strong>utrinque</strong></span> <span class='ocrx_word' id='word_1_329' title='bbox 2046 3488 2213 3549; x_wconf 86' lang='lat' dir='ltr'><strong>aeque</strong></span> 
     </span>
     <span class='ocr_line' id='line_1_36' title="bbox 100 3557 2218 3644; baseline 0.005 -32"><span class='ocrx_word' id='word_1_330' title='bbox 100 3557 286 3631; x_wconf 83' lang='lat' dir='ltr'><strong>gravis</strong></span> <span class='ocrx_word' id='word_1_331' title='bbox 311 3557 485 3616; x_wconf 88' lang='lat' dir='ltr'><strong>fuerit</strong></span> <span class='ocrx_word' id='word_1_332' title='bbox 505 3603 521 3633; x_wconf 72' lang='lat'>,</span> <span class='ocrx_word' id='word_1_333' title='bbox 552 3558 782 3620; x_wconf 87' lang='lat' dir='ltr'><strong>nullum</strong></span> <span class='ocrx_word' id='word_1_334' title='bbox 815 3582 1079 3642; x_wconf 88' lang='lat' dir='ltr'><strong>unquam</strong></span> <span class='ocrx_word' id='word_1_335' title='bbox 1110 3559 1274 3619; x_wconf 90' lang='lat' dir='ltr'><strong>dabit</strong></span> <span class='ocrx_word' id='word_1_336' title='bbox 1300 3562 1747 3644; x_wconf 72' lang='lat' dir='ltr'><strong>praepondiumz,</strong></span> <span class='ocrx_word' id='word_1_337' title='bbox 1787 3561 1946 3643; x_wconf 87' lang='lat' dir='ltr'><strong>quod</strong></span> <span class='ocrx_word' id='word_1_338' title='bbox 1970 3562 2018 3621; x_wconf 89' lang='lat' dir='ltr'><strong>si</strong></span> <span class='ocrx_word' id='word_1_339' title='bbox 2045 3562 2218 3623; x_wconf 91' lang='lat' dir='ltr'><strong>alteri</strong></span> 
     </span>
    </p>
   </div>
   <div class='ocr_carea' id='block_1_3' title="bbox 101 3647 2214 3810">
    <p class='ocr_par' dir='ltr' id='par_1_5' title="bbox 101 3647 2214 3810">
     <span class='ocr_line' id='line_1_37' title="bbox 101 3647 2214 3739; baseline 0.005 -32"><span class='ocrx_word' id='word_1_340' title='bbox 101 3663 171 3708; x_wconf 83' lang='lat' dir='ltr'><strong>ex</strong></span> <span class='ocrx_word' id='word_1_341' title='bbox 197 3649 459 3712; x_wconf 88' lang='lat' dir='ltr'><strong>lancibus</strong></span> <span class='ocrx_word' id='word_1_342' title='bbox 485 3652 775 3732; x_wconf 89' lang='lat' dir='ltr'><strong>adjectum</strong></span> <span class='ocrx_word' id='word_1_343' title='bbox 812 3655 1114 3739; x_wconf 88' lang='lat' dir='ltr'><strong>quidpiam</strong></span> <span class='ocrx_word' id='word_1_344' title='bbox 1144 3654 1241 3717; x_wconf 88' lang='lat' dir='ltr'><strong>vel</strong></span> <span class='ocrx_word' id='word_1_345' title='bbox 1274 3655 1607 3716; x_wconf 89' lang='lat' dir='ltr'><strong>detractum</strong></span> <span class='ocrx_word' id='word_1_346' title='bbox 1647 3647 1823 3716; x_wconf 90' lang='lat' dir='ltr'><strong>fuerit</strong></span> <span class='ocrx_word' id='word_1_347' title='bbox 1850 3702 1866 3733; x_wconf 59' lang='lat'><em>7</em></span> <span class='ocrx_word' id='word_1_348' title='bbox 1909 3678 2040 3717; x_wconf 87' lang='lat' dir='ltr'><strong>eam</strong></span> <span class='ocrx_word' id='word_1_349' title='bbox 2075 3657 2214 3718; x_wconf 86' lang='lat' dir='ltr'><strong>illuc</strong></span> 
     </span>
     <span class='ocr_line' id='line_1_38' title="bbox 1865 3752 1963 3810; baseline 0.02 -2"><span class='ocrx_word' id='word_1_350' title='bbox 1865 3752 1963 3810; x_wconf 88' lang='lat'><strong>17.</strong></span> 
     </span>
    </p>
   </div>
  </div>
 </body>
</html>
