2580 4152
366 209 523 246 PART.
554 208 640 245 111.
671 206 793 243 cn.
829 205 890 242 ιι.
923 204 991 240 nn
1014 202 1319 241 rnororAn.
1352 198 1520 238 ann.
1553 201 1618 237 nr
1648 200 1983 237 mmmm-Ars.
2101 180 2221 238 159

196 348 336 409 320.
364 347 590 424 Falsum
614 366 788 426 porro
811 356 900 403 est
922 391 936 418 a
968 366 1090 402 non
1110 341 1438 401 confirmari
1459 340 1803 399 narrationis
1826 343 2091 399 mosa'icae
2113 361 2223 398 ar-

112 454 391 524 gumento
424 485 439 511 ,
478 439 637 520 quod
675 438 747 496 de
785 439 1087 498 sanctitate
1139 448 1198 495 et
1237 436 1476 494 scientia
1529 434 1842 493 Adamitica
1883 435 2212 492 statuimus,

115 541 243 620 Ipsa
260 537 423 596 enim
457 532 750 591 familiaris
778 534 881 591 Dei
910 554 1043 592 cum
1072 532 1211 612 ipsis
1239 529 1751 612 protoparentibus
1785 529 1991 607 agendi
2023 529 2170 587 ratio
2196 574 2216 602 5

114 653 242 713 quae
266 629 484 687 ibidem
511 626 886 700 describitur,
915 628 1050 685 satis
1080 624 1336 684 ostendit
1361 670 1377 698 .,
1404 646 1581 705 quam
1613 625 1831 705 accepti
1856 627 1976 683 Deo
1999 635 2210 682 essent.

109 724 279 798 Quod
314 723 362 781 si
398 720 747 781 exhibentur
783 720 1129 802 protoplasti
1162 719 1459 778 communi
1485 718 1793 776 hominum
1837 730 2043 776 natura
2080 740 2221 777 sen-

109 840 281 877 suum
308 816 590 875 illecebris
617 815 864 874 obnoxia
894 815 1195 888 instructi,
1222 826 1289 872 ut
1319 814 1381 871 id
1405 813 1724 872 liberaliter
1745 812 2089 872 adversariis
2122 812 2221 872 de·
2250 875 2252 878 ,

109 934 240 972 mus
255 958 269 986 ,
291 911 447 992 quod
463 922 623 992 patet
638 932 704 969 ex
723 910 891 969 dictis
914 911 977 968 in
1004 910 1299 991 superiore
1323 909 1720 989 propositione
1737 954 1753 982 7
1782 909 1931 966 ratio
1948 919 2057 982 est,
2083 909 2217 989 quia

106 1007 289 1086 gratia
313 1007 675 1064 sanctificans
704 1005 1002 1063 hominem
1026 1002 1461 1084 impeccabilem
1482 1002 1725 1060 min-ime
1742 1002 1915 1060 efficit
1935 1048 1950 1076 a
1976 1024 2083 1062 nec
2103 1003 2220 1061 im-

109 1123 352 1160 munem
369 1123 399 1158 a
416 1121 689 1158 sensuum
706 1098 1013 1171 illecebrisa
1033 1109 1100 1155 ut
1113 1096 1448 1177 quotidiana
1465 1096 1822 1176 experientia
1839 1097 2094 1155 ostendit
2107 1098 2218 1176 (l).

194 1194 332 1252 321.
379 1196 578 1272 Neque
622 1194 841 1274 pariter
880 1191 1117 1250 obstant
1167 1191 1457 1263 doctrinae·
1487 1190 1782 1249 catholicae
1831 1190 1904 1249 de
1939 1194 2220 1271 primaeva

109 1289 367 1347 hominis
389 1287 720 1346 conditione
750 1287 889 1346 certi
911 1288 1055 1345 fines
1079 1286 1369 1344 terrestris
1397 1285 1670 1344 humanae
1700 1284 1870 1362 hujus
1890 1286 2052 1357 vitae3
2085 1287 2220 1366 quia

107 1382 608 1455 immortalitatem
636 1382 891 1463 aliasque
917 1381 1301 1462 proprietates
1331 1380 1605 1439 humanis
1640 1381 1964 1461 superiores
1984 1429 1999 1456 ,
2028 1383 2181 1439 Deus
2202 1426 2218 1454 .‚

109 1500 229 1536 non
256 1483 422 1555 juxta
444 1523 459 1551 7
490 1476 592 1535 sed
629 1489 841 1558 praeter
865 1487 1085 1535 naturae
1114 1476 1266 1555 leges
1304 1497 1376 1535 ex
1404 1475 1736 1557 privilegio7
1770 1487 1835 1533 ut
1873 1474 2113 1534 inferius
2139 1475 2223 1535 di-

110 1585 273 1632 cetur
291 1618 307 1647 ,
335 1594 400 1631 ac
427 1571 774 1631 liberalitate
806 1593 906 1629 sua
939 1572 1143 1653 primis
1169 1570 1510 1652 parentibus
1538 1572 1818 1629 concessit
1837 1616 1853 1643 ,
1888 1582 1955 1628 ut
1987 1592 2123 1629 eum
2150 1591 2222 1630 ex

106 1667 368 1726 adductis
389 1666 823 1725 auctoritatibus
847 1677 1003 1725 certo
1026 1667 1372 1725 concessisse
1396 1675 1644 1724 constat.

189 1762 328 1820 322.
376 1763 508 1819 Non
546 1760 778 1819 aliunde
827 1772 1137 1841 propterea
1200 1760 1566 1819 difficultates
1622 1771 1823 1819 contra
1878 1759 2221 1819 catholicam

104 1855 430 1914 doctrinam
460 1855 727 1914 oriuntur
746 1900 762 1923 .,
806 1876 981 1935 quam
1008 1876 1079 1913 ex
1105 1854 1487 1913 rationalismi
1516 1866 1827 1935 systemate
1846 1901 1861 1929 7
1893 1875 2008 1936 quo
2034 1856 2224 1933 rejici-

106 1963 203 2009 tur
235 1950 518 2032 quidquid
553 1960 893 2008 consuetum
938 1961 1160 2009 naturae
1203 1949 1472 2009 ordinem
1510 1949 2014 2031 praetergreditur,
2038 1972 2222 2031 quum

107 2057 306 2105 tamen
334 2047 458 2127 ipsa
482 2045 739 2105 universi
763 2044 918 2103 orbis
945 2044 1315 2126 hominisque
1347 2045 1537 2126 prima
1564 2046 1777 2104 creatio
1815 2056 2029 2126 praeter
2051 2044 2223 2103 illum

108 2141 376 2200 ordinem
405 2141 498 2199 sit.

193 2235 331 2293 323.
379 2235 510 2313 Obj.
559 2234 833 2294 secundo,
867 2234 1085 2293 Saltem
1113 2256 1242 2315 quae
1274 2235 1606 2294 afferuntur
1634 2233 1708 2292 ad
1733 2234 2052 2294 voluntatis
2073 2234 2226 2294 ordi-

110 2330 410 2388 nationem
435 2341 493 2389 et
521 2329 932 2389 rectitudinem
961 2328 1372 2396 stabiliendam
1393 2375 1408 2404 a
1455 2351 1586 2388 eam
1633 2330 1875 2389 minime
1917 2330 2217 2390 evincunt.

111 2424 342 2482 Etenim
374 2425 435 2481 10
454 2469 470 2497 .,
505 2435 571 2481 ut
601 2434 732 2503 post
774 2424 1059 2483 Clericum
1098 2425 1444 2483 recentiores
1470 2424 1824 2505 expositores
1857 2423 2173 2484 observant
2204 2469 2219 2498 ,

108 2518 239 2577 ideo
274 2529 712 2598 protoparentes
742 2540 863 2577 non
899 2519 1445 2578 animadverterunt
1471 2541 1532 2577 se
1571 2519 1760 2577 nudos
1790 2540 1912 2577 esse
1932 2564 1947 2592 ,
1979 2517 2136 2599 quod
2163 2518 2226 2576 in

111 2624 264 2671 statu
289 2614 548 2671 infantiae
583 2613 800 2672 conditi
840 2613 1091 2688 fuerint,
1143 2635 1332 2694 neque
1371 2613 1591 2671 malum
1626 2599 2039 2692 agnoscerent3
2085 2613 2227 2670 hinc

109 2709 272 2788 quasi
292 2708 542 2766 infantes
571 2729 770 2767 recens
802 2709 923 2766 nati
957 2708 1179 2789 pudore
1212 2730 1334 2766 non
1369 2708 1788 2766 afficiebantur.
1829 2707 1997 2781 Quod
2021 2708 2067 2765 si
2092 2729 2223 2789 pos-

111 2813 204 2861 tea
239 2824 299 2862 se
328 2803 516 2861 nudos
557 2802 1126 2884 deprehenderunt‚·
1151 2824 1221 2862 ex
1261 2802 1472 2884 adepto
1521 2803 1761 2861 rationis
1794 2825 1901 2861 usu
1936 2802 2008 2860 ab
2043 2803 2223 2884 ipsius

112 2896 330 2954 fructus
357 2918 456 2956 esu
479 2899 664 2979 repeti
687 2897 748 2955 id
775 2896 949 2957 debet
975 2898 1083 2976 (2).
1111 2897 1278 2971 Quod
1301 2897 1474 2979 plane
1511 2899 1778 2977 congruit
1798 2918 1931 2955 cum
1959 2896 2222 2955 doctrina

112 2993 349 3050 Patrum
371 3038 386 3067 7
420 2994 518 3074 qui
554 3004 996 3074 protoparentes
1022 2991 1350 3051 infantilem
1372 3014 1607 3074 prorsus
1637 2992 2072 3073 simplicitatem
2098 3012 2223 3073 prae

109 3107 170 3144 se
213 3086 411 3147 tulisse
433 3087 643 3148 docent
661 3134 677 3163 ,
715 3099 1032 3170 antequam
1061 3088 1257 3146 cibum
1281 3086 1390 3146 sibi
1417 3087 1666 3149 vetitum
1699 3087 2076 3146 comederent
2103 3085 2218 3165 (3).

181 3327 241 3392 (l)
282 3327 380 3377 cfr.
416 3327 466 3378 S.
508 3329 675 3379 Thom.
707 3348 756 3381 2.
790 3348 819 3380 2
841 3370 854 3393 ‚
888 3351 938 3398 q.
999 3330 1110 3392 163,
1194 3331 1362 3392 Fener,
1391 3328 1771 3396 Catechfflhilos.
1802 3342 1917 3380 tom.
1938 3349 2005 3391 11,
2042 3329 2068 3396 g
2097 3328 2216 3379 262.

113 3420 200 3457 art.
241 3427 257 3457 1
288 3447 300 3469 ‚
323 3409 403 3457 ubi
433 3412 635 3459 ostendit
654 3450 666 3471 ‚
694 3431 783 3478 qua
812 3416 986 3462 ratione
1019 3416 1114 3478 pri·
1266 3414 1330 3475 (2)
1364 3413 1428 3461 Ita
1450 3431 1557 3461 cum
1580 3413 1680 3461 aliis
1699 3413 2040 3471 Rosenmiiller,
2059 3409 2219 3459 Schol.

112 3507 215 3538 mus
257 3491 396 3539 homo
436 3496 687 3556 peccaverit
733 3495 961 3560 superbia.
1004 3494 1115 3542 Vid.
1199 3495 1257 3542 in
1291 3492 1361 3543 V.
1403 3495 1466 3543 T.
1490 3513 1590 3560 cap.
1618 3493 1647 3542 3
1682 3495 1846 3543 Genes-

114 3574 249 3619 etiam
268 3572 486 3621 Bellarm.
508 3572 588 3622 De
605 3577 772 3625 amics,
787 3585 915 3640 yrat.
935 3584 980 3623 et
991 3584 1120 3623 statu
1271 3574 1335 3636 (3)
1377 3575 1512 3641 Apud
1531 3576 1686 3625 Petav.
1714 3575 1791 3624 De
1808 3575 2000 3642 opificio
2016 3613 2028 3634 ,
2046 3574 2134 3623 lib.
2155 3591 2220 3632 ιι,

103 3668 240 3716 pecc.
288 3653 371 3703 lib.
420 3669 507 3715 ιιι,
542 3672 641 3721 cap.
685 3653 718 3718 4
762 3667 807 3705 et
850 3675 982 3723 seqq.
1019 3667 1119 3705 tum
1204 3673 1308 3722 cap.
1340 3673 1391 3723 9.
2226 3664 2228 3666 ’
