2580 4152
2104 230 2179 289 93

443 250 599 292 PAR-r.
646 249 703 287 ιι.
753 246 877 288 ου.
926 249 984 286 11.
1033 252 1102 286 mi
1147 229 1394 287 Moss’ica
1437 249 1809 288 cosmoeoms.

85 406 145 453 et
181 415 283 476 per
318 391 632 473 quamdam
665 390 959 452 fictionem
997 390 1120 448 sive
1164 388 1789 462 accommodationem5
1833 399 1900 446 ut
1934 402 2180 465 vocante,

87 511 216 568 neq.
236 489 357 547 Hoc
370 485 525 544 enim
542 506 663 542 non
678 484 852 543 modo
869 483 1084 543 divinae
1103 483 1474 543 revelationis
1492 484 1788 545 veracitati
1816 482 2181 560 adversatur,

86 583 187 641 sed
207 591 485 662 praeterea
507 577 731 636 sublata
755 578 1069 638 traditione
1093 577 1193 638 illa
1222 600 1285 637 ac
1305 579 1506 660 populi
1526 579 1849 659 praesertim
1875 623 1889 651 a
1923 579 2013 636 cui
2030 578 2184 638 hanc

86 678 305 754 Moyses
335 673 520 749 legem
547 671 758 745 dabat„
789 672 902 732 fide
931 695 994 731 ac
1035 674 1237 754 praxi,
1273 673 1628 754 impossibile
1669 674 1779 754 ipsi
1819 674 2020 732 fuisset
2060 674 2184 734 haec

86 768 273 828 eidem
305 766 652 848 persuadere
674 812 689 840 ,
719 779 787 825 ut
819 767 1054 827 cuilibet
1082 790 1210 827 rem
1237 768 1393 827 hanc
1422 767 1812 850 perpendenti
1839 779 2019 849 patet.

170 863 304 920 192.
351 862 441 921 Ad
465 862 571 936 31¹1,
603 885 732 942 neq.
770 864 904 922 Haec
934 864 1091 922 enim
1126 864 1343 944 pariter
1366 885 1489 922 non
1522 875 1659 922 sunt
1689 864 1801 922 nisi
1840 864 2038 922 fictitia
2077 865 2186 924 ad-

85 959 469 1018 versariorum
498 970 847 1017 commenta.
878 959 990 1017 Sex
1014 961 1172 1016 enim
1208 958 1437 1017 dierum
1473 959 1726 1038 spatium
1761 959 1824 1016 in
1854 958 2024 1036 hujus
2057 961 2186 1017 uni-

86 1054 236 1114 versi
275 1052 574 1111 molitione
625 1062 818 1133 potest
863 1074 936 1111 ex
977 1052 1302 1110 intentione
1351 1052 1457 1110 Dei
1502 1052 1722 1110 morale
1765 1051 2185 1112 documentum

85 1147 344 1228 illudque
377 1146 684 1227 multiplex
707 1145 979 1204 exhibere
999 1144 1111 1224 (l).

171 1242 305 1300 193.
354 1241 522 1313 Quod
553 1240 764 1315 attinet
793 1239 868 1298 ad
907 1239 1210 1301 historiam
1237 1239 1461 1298 telluris
1491 1285 1506 1314 ,
1546 1262 1675 1320 quae
1709 1245 1876 1319 juxta
1912 1240 2189 1302 adversa-

84 1337 198 1396 rios
224 1334 511 1394 conciliari
539 1354 660 1392 non
687 1343 881 1414 potest
919 1354 1053 1392 cum
1077 1337 1331 1393 mosaica
1354 1335 1688 1394 narratione
1717 1381 1733 1409 ,
1769 1356 1838 1394 ex
1876 1334 2059 1394 dictis
2078 1336 2190 1395 fal-

85 1452 214 1488 sum
246 1429 485 1487 omnino
524 1438 650 1502 est,
697 1427 778 1487 ita
815 1439 882 1486 ut
921 1449 1028 1488 nec
1076 1428 1513 1488 difficultatibus
1551 1428 1848 1491 solvendis
1888 1428 2048 1490 locus
2090 1452 2190 1489 su·-

82 1524 281 1607 persit.

171 1620 307 1678 194.
354 1622 604 1678 Demum
620 1619 833 1680 divinae
858 1618 1196 1680 revelationi
1222 1619 1565 1696 injuriosum
1594 1641 1740 1694 esse,
1769 1619 1928 1701 quod
1955 1619 2191 1680 additur

85 1713 159 1774 de
184 1712 386 1794 mytho
409 1714 618 1793 impari
654 1713 948 1773 solvendis
975 1712 1385 1794 metaphysicis
1422 1713 1840 1795 quaestionibus
1861 1760 1877 1789 a
1905 1714 1978 1775 de
2015 1716 2190 1775 modo

84 1820 145 1868 et
171 1819 434 1889 tempore
469 1808 771 1867 creationis
791 1854 806 1882 7
837 1807 1083 1889 quilibet
1110 1808 1548 1889 deprehendere
1585 1810 1801 1890 poterit
1819 1854 1834 1882 ,
1866 1810 1964 1890 qui
1993 1810 2089 1870 vel
2113 1810 2193 1871 le-

84 1904 234 1965 viter
257 1903 584 1984 perpendat
604 1947 619 1976 ,
649 1904 909 1982 Moysem
930 1925 1052 1961 non
1076 1904 1352 1981 ‘mytkum
1374 1949 1389 1978 ,
1425 1915 1492 1962 ut
1510 1903 1828 1964 adversarii
1854 1914 2186 1982 autumant,

79 1998 182 2057 sed
220 1999 535 2057 historiam
570 1998 873 2056 creationis
916 1996 1085 2056 nobis
1125 1997 1387 2072 dedisse,
1422 2019 1558 2056 cum
1601 2020 1714 2079 qua
1753 1997 2190 2060 observationes

82 2094 429 2153 recentiores
472 2114 662 2174 nuper
712 2093 994 2152 institutae
1038 2093 1302 2173 apprime
1345 2092 1680 2167 collimant„
1729 2113 1988 2174 quasque
2033 2105 2191 2154 recte

82 2190 372 2250 vocaveris
409 2188 784 2267 cosmogoniae
822 2192 1086 2247 mosa'l'cae
1110 2189 1529 2273 commentaria
1560 2186 1668 2270 (2).
1705 2188 1876 2261 Quod
1917 2189 1965 2247 si
2001 2187 2191 2248 subti-

154 2378 217 2440 (l)
253 2377 347 2425 cfr.
362 2377 520 2427 Petav.
540 2377 621 2426 De
635 2378 750 2445 opis:
766 2378 834 2427 lib
852 2396 868 2426 1
887 2416 899 2438 ,
920 2395 1017 2443 cap.
1035 2375 1085 2437 5,
1171 2377 1477 2426 conclusions
1493 2394 1542 2425 se
1557 2386 1777 2427 trouvent
1789 2396 1851 2426 en
1863 2388 2061 2446 rapport
2079 2397 2192 2430 avec

83 2456 191 2523 §4-

153 2540 217 2604 (2)
254 2539 474 2606 Superius
503 2541 641 2589 verba
668 2541 744 2590 Cl.
771 2541 967 2589 Brocchi
990 2544 1099 2606 jam-

84 2620 327 2680 dedimus‚
361 2623 432 2670 his
460 2625 557 2687 jam
592 2622 861 2688 subjicimus
900 2620 1089 2670 alterius

82 2705 340 2751 recentioris
365 2704 518 2751 adhuc
535 2704 710 2768 geologi
727 2704 1085 2763 confessionem,

83 2784 254 2833 scilicet
267 2783 401 2833 Nerei
418 2784 604 2833 Boubce
624 2822 637 2844 ‚
670 2787 751 2850 qui
774 2802 850 2849 op.
877 2788 957 2833 cit.
983 2802 1088 2850 pag.

84 2863 150 2913 66
167 2876 210 2913 et
226 2863 289 2931 67
311 2903 323 2925 ‚
353 2866 455 2914 haec
482 2867 639 2914 scribit
661 2884 674 2914 ε
696 2864 781 2914 Im·
806 2883 853 2913 se
869 2871 1091 2931 presente

87 2963 180 2994 une
204 2947 556 2995 consideration
582 2947 700 2995 dont
728 2947 767 2995 il
792 2950 939 2996 serait
967 2948 1090 3013 diffi-

86 3026 173 3075 oile
201 3028 256 3076 de
279 3045 338 3076 ne
354 3046 449 3095 pas
478 3032 571 3077 ecre
591 3030 763 3095 frappe
789 3047 802 3078 ε
820 3029 1091 3095 puisqu'un

88 3107 224 3166 livre,
244 3111 360 3158 ecrit
376 3112 405 3158 ὰ
422 3128 515 3159 une
529 3115 702 3177 epoque
722 3114 784 3159 ou
800 3110 866 3159 les
886 3113 1092 3160 soiences

88 3189 340 3238 naturelles
385 3195 566 3240 etaient
608 3195 655 3240 si
693 3210 793 3259 peu
833 3193 1056 3242 eolairees
1069 3229 1086 3256 ‚

90 3272 322 3335 renferme
359 3275 648 3339 cependant,
685 3292 745 3323 en
774 3275 996 3341 quelques
1031 3275 1093 3323 li-

85 3369 203 3417 qnes
219 3388 235 3412 ‚
274 3353 315 3401 Ie
340 3357 593 3404 sommaire
635 3356 716 3404 des
754 3362 1094 3423 consequence-s

92 3433 156 3480 les
187 3433 302 3499 plus
332 3436 681 3500 remarquables
696 3474 711 3496 ‚
744 3438 1020 3505 auaequelles
1055 3438 1098 3485 il

92 3531 154 3562 ne
198 3519 406 3581 pouvait
463 3518 563 3565 e⁴tre
604 3519 813 3583 possible
857 3518 1097 3569 d'arriver

93 3595 308 3662 qu'apres
327 3597 391 3645 les
407 3599 659 3647 immenses
681 3603 876 3666 proqres
904 3605 1095 3650 amene's

95 3676 215 3726 dans
253 3677 301 3725 la
334 3680 517 3728 sciense
540 3696 641 3745 par
680 3679 722 3728 le
754 3682 1096 3731 dim-huitieme

90 3764 141 3804 et
163 3757 203 3806 le
233 3758 580 3809 dim-neuvieme
599 3761 771 3827 sie0103
793 3765 1004 3829 puisque
1022 3780 1097 3812 ees

1172 2459 1253 2507 des
1273 2460 1393 2524 faits
1421 2461 1509 2524 qui
1541 2459 1768 2508 n’etaient
1808 2463 1869 2509 ni
1905 2479 2089 2527 oonnus
2133 2465 2194 2511 ni

1173 2544 1321 2588 meme
1351 2546 1646 2607 soupponnes
1674 2543 1704 2590 ὰ
1727 2551 1841 2590 cette
1870 2547 2044 2609 epoque
2061 2580 2076 2606 ,
2105 2545 2194 2611 qui

1171 2639 1232 2670 ne
1266 2621 1492 2671 l’avaient
1525 2625 1715 2689 jamais
1765 2627 1832 2672 ete
1860 2626 2064 2690 jusqu’a
2104 2641 2192 2673 nos

1159 2705 1335 2768 jours,
1371 2712 1417 2751 et
1446 2720 1535 2768 que
1574 2704 1639 2752 les
1661 2703 1966 2771 philosophos
2001 2705 2058 2753 de
2084 2714 2191 2754 tous

1173 2784 1238 2832 les
1264 2793 1412 2850 temps
1440 2793 1523 2832 ont
1550 2787 1764 2850 toujours
1783 2785 2054 2834 consideres
2077 2804 2193 2837 eou—

1174 2867 1582 2915 tradietoirement
1622 2874 1665 2914 et
1700 2883 1810 2915 sous
1835 2867 1915 2916 des
1934 2870 2103 2934 points
2133 2868 2192 2917 de

1176 2966 1266 2996 vue
1291 2951 1505 3011 toujours
1533 2953 1720 2997 errones
1734 2966 1755 3010 ‚·
1779 2950 2108 3015 puisqu'enfin
2138 2969 2191 2999 ce

1177 3030 1296 3079 livre
1319 3069 1332 3088 ‚
1362 3033 1408 3078 si
1440 3033 1696 3096 superieur
1729 3031 1760 3078 ὰ
1795 3048 1881 3079 son
1915 3031 2053 3080 siecle
2079 3050 2191 3082 sous

1177 3111 1219 3159 le
1245 3119 1441 3178 rapport
1474 3111 1532 3159 de
1560 3111 1606 3160 la
1635 3113 1817 3160 science
1835 3147 1851 3173 ,
1881 3112 1956 3160 lui
1982 3122 2052 3161 est
2080 3119 2191 3180 eya·
2280 3166 2284 3169 ,

1178 3187 1624 3259 lementsuperieur
1653 3210 1762 3242 sous
1788 3192 1828 3240 Ie
1849 3203 2045 3260 rapport
2062 3196 2119 3244 de
2142 3195 2191 3244 la

1177 3274 1356 3323 morale
1387 3283 1434 3322 et
1466 3275 1522 3322 de
1542 3274 1591 3322 la
1604 3273 1910 3340 philosophie
1927 3277 2158 3325 natur-elle
2172 3315 2186 3338 ,

1179 3373 1242 3405 on
1266 3367 1336 3404 est
1360 3355 1510 3420 obliqe
1533 3355 1807 3404 d’admettre
1833 3356 1996 3422 qu‘ily
2018 3375 2049 3406 a
2067 3358 2190 3406 dans

1178 3455 1230 3487 ce
1258 3437 1377 3486 livre
1401 3437 1595 3502 quelque
1629 3437 1764 3486 chose
1798 3438 1854 3486 de
1885 3442 2138 3505 super-iem·
2158 3441 2191 3488 ὰ

1179 3519 1395 3568 l’homme
1413 3557 1427 3579 ‚
1457 3518 1652 3584 quelque
1684 3510 1820 3568 chose
1850 3519 1968 3585 qu'il
2000 3538 2061 3568 ne
2093 3523 2192 3569 voit

1172 3616 1268 3666 pas
1287 3638 1301 3661 ‚
1328 3599 1450 3665 qu’il
1480 3617 1541 3648 ne
1577 3603 1762 3665 conenit
1779 3617 1902 3667 pas,
1937 3588 2071 3649 maisi
2096 3603 2185 3667 qui

1182 3680 1223 3729 le
1243 3698 1405 3747 presse
1434 3681 1881 3730 irresistiblement!
