2580 4152
428 192 579 229 PART.
625 190 710 227 111.
756 188 876 225 GAP.
921 186 996 224 lv.
1043 188 1109 221 nu
1153 184 1381 223 PEGGATI
1423 182 1575 219 ome.
1621 180 1853 217 raone.
2071 160 2198 217 221.

177 333 313 393 467.
361 329 527 404 Quod
556 329 604 387 si
622 339 806 387 status
831 327 929 386 ille
957 373 973 402 a
1017 327 1116 408 qui
1142 327 1205 384 in
1238 325 1348 384 alia
1379 323 1689 405 hypothesi
1714 322 1915 411 suisset
1935 322 2196 391 conditio

83 450 263 508 puroe
290 436 561 498 naturae,
604 443 763 481 nunc
788 421 965 481 habet
991 422 1280 481 rationem
1315 430 1557 478 naturae
1583 419 1976 497 peccatricis,
2011 417 2194 494 lapsae

94 543 158 580 ac
183 523 518 600 depravatoe
536 563 552 592 7
588 516 719 575 ideo
749 528 836 576 est
862 562 876 588 .,
916 517 1049 597 quia
1075 537 1109 574 a
1137 525 1371 596 peccato
1411 512 1702 595 personali
1732 510 1870 570 Adae
1896 532 1996 569 seu
2021 510 2196 591 primi

94 614 349 696 parentis
395 612 667 670 inductus
706 622 809 670 est.
864 612 1013 669 Hinc
1054 611 1118 668 in
1159 610 1267 682 iis,
1321 608 1421 689 qui
1461 617 1788 666 nascuntur
1850 627 1922 664 ex
1961 605 2146 664 Adam
2174 650 2190 680 .,

93 708 346 767 defectus
375 707 570 786 gratiae
601 704 778 765 habet
811 751 828 780 ‚
864 716 925 763 ut
964 704 1214 762 diximus
1237 749 1252 778 ‚
1293 703 1581 761 rationem
1613 700 1953 782 privationis
1982 700 2064 758 rei
2098 699 2198 758 de-

93 801 263 877 bitae,
315 823 415 861 seu
459 802 677 883 peccati
706 846 722 875 ,
769 799 1025 858 defectus
1076 820 1215 859 vero
1268 796 1618 876 integritatis
1668 793 1850 853 habet
1899 795 2193 853 rationem

92 918 282 977 poenae
300 941 316 971 a
341 919 441 957 seu
466 896 701 955 effectus
730 895 967 976 peccati.
999 895 1187 966 Quare
1211 893 1275 951 in
1300 891 1575 973 praesenti
1602 889 1942 949 conditione·
1957 890 2199 949 nomina
2260 947 2267 954 ,

82 996 320 1070 peccati
356 1002 412 1049 et
439 1012 636 1069 poenae
670 1000 808 1047 sunt
842 988 1083 1050 relativa
1122 986 1198 1046 ad
1228 998 1450 1045 statum
1492 984 1832 1045 elevationis
1868 995 1927 1043 et
1958 984 2196 1064 integriss

95 1086 228 1143 tatis
257 1132 272 1161 ,
309 1096 368 1143 et
403 1085 533 1143 ideo
557 1095 694 1142 sunt
708 1094 1027 1162 peccatum
1052 1092 1112 1140 et
1138 1103 1319 1160 poena
1356 1102 1478 1138 non
1514 1080 1579 1136 in
1618 1099 1678 1137 se
1705 1123 1721 1153 ,
1750 1077 1852 1136 sed
1883 1079 2017 1159 quia
2044 1079 2197 1139 rela-

98 1177 557 1243 tionemhabent
571 1176 646 1235 ad
669 1188 968 1257 peccatum
994 1175 1234 1248 Adami3
1258 1174 1612 1233 contrarium
1633 1183 1831 1230 autem
1851 1170 2198 1234 damnatum

96 1273 204 1330 fuit
232 1273 295 1330 in
335 1271 730 1352 propositione
766 1270 840 1329 47
875 1271 1025 1348 Baji,
1057 1290 1188 1350 quae
1225 1269 1305 1327 ita
1338 1289 1398 1327 se
1427 1266 1605 1326 habet
1651 1289 1665 1325 ε
1705 1268 2032 1326 Peccatum
2071 1274 2199 1327 ori-

88 1371 254 1446 qz'm's
295 1387 424 1424 vere
450 1366 625 1423 hahet
651 1369 947 1422 rationem
979 1368 1216 1443 peccati
1252 1367 1382 1422 sine
1413 1364 1546 1421 ulla
1569 1364 1803 1420 ratione
1834 1383 1906 1420 ac
1932 1374 2199 1443 respectu

94 1462 180 1520 ad
197 1462 556 1519 voluntatem
579 1505 595 1534 ,
638 1482 677 1518 a
711 1481 834 1538 qua
862 1463 1159 1539 originem
1192 1459 1426 1516 hahuit.
2011 1456 2020 1463 ’
2161 1456 2164 1459 ’

176 1555 313 1613 468.
358 1555 446 1613 Sic
480 1553 623 1612 dum
656 1553 902 1612 dicimur
933 1554 1089 1612 nasci
1115 1574 1222 1634 per
1245 1563 1549 1634 peccatum
1577 1551 1764 1614 aversi
1797 1573 1828 1610 a
1857 1553 2008 1627 De0.,
2041 1557 2198 1631 ejus-

97 1649 256 1708 modi
289 1653 519 1709 aversio
559 1647 805 1727 intelligi
842 1647 1016 1707 debet
1063 1649 1125 1706 in
1162 1668 1336 1708 sensu
1378 1651 1679 1727 neyativo,
1717 1668 1818 1705 seu
1861 1645 1934 1705 de
1970 1646 2200 1707 defectu

92 1745 481 1804 conversionis
503 1755 576 1810 ,et
601 1744 848 1817 amoris;
893 1743 1150 1824 alioquin
1171 1788 1187 1817 .,
1220 1743 1268 1800 si
1294 1741 1367 1801 de
1398 1742 1702 1803 aversione
1718 1746 1983 1821 positiva
2020 1743 2199 1825 accipi

95 1838 333 1899 deberet
351 1884 367 1914 7
405 1849 745 1920 sequeretur
769 1837 1043 1919 parvulos
1062 1882 1078 1912 ,
1107 1858 1241 1895 cum
1271 1858 1443 1895 usum
1462 1836 1703 1894 rationis
1730 1836 2025 1915 attingunt
2047 1882 2062 1911 ,
2102 1858 2200 1909 ac-

98 1933 330 1994 tualiter
363 1934 551 1994 odisse
588 1935 776 1993 Deum
795 1978 811 2007 7
838 1953 904 1991 ac
932 1953 1257 2014 repugnare
1280 1931 1496 1993 divinae
1524 1930 1674 2011 legi,
1700 1929 1860 2012 quod
1881 1930 2200 1991 absurdum

101 2190 235 2229 tanta
259 2177 327 2228 est
345 2216 358 2240 ‚
392 2188 573 2245 quauta
598 2189 666 2228 est
700 2181 826 2228 inter
853 2197 1111 2246 personam

103 2261 285 2309 audam
313 2261 372 2309 ab
393 2263 536 2309 initio
564 2270 608 2308 et
617 2278 871 2327 personam
900 2261 1111 2328 expolia-

104 2351 264 2392 tam...
311 2342 450 2390 Sicut
494 2344 623 2390 enim
648 2360 858 2408 persona
897 2344 1032 2392 nuda
1068 2353 1113 2392 et

95 2441 305 2491 persona
344 2423 583 2490 expoliata
620 2441 717 2472 non
744 2425 1113 2490 distinquumur

104 2509 160 2553 iu
184 2506 268 2554 hoc
287 2542 300 2565 ‚
340 2506 465 2570 quod
496 2521 598 2552 una
631 2507 697 2552 sit
720 2508 874 2569 maqis
913 2516 997 2554 aut
1025 2508 1112 2554 mi-

104 2604 198 2634 nus
237 2586 369 2634 nuda
390 2623 404 2646 ‚
442 2588 512 2635 ita
547 2595 726 2634 natura
765 2588 819 2634 in
849 2589 994 2652 puris
1021 2604 1113 2635 na-

105 2667 371 2728 turalibus,
403 2676 448 2715 et
476 2677 653 2716 natura
683 2668 920 2733 expoliata
954 2670 1114 2732 qratia

107 2757 151 2795 et
155 2751 355 2813 justitia
385 2749 618 2813 oriqinali
648 2766 748 2796 nou
775 2750 1007 2816 differunt
1022 2766 1116 2815 per

109 2828 193 2877 hoc
206 2865 223 2890 ‚
255 2830 379 2894 quod
402 2830 549 2879 altera
572 2847 738 2878 earum
767 2833 831 2878 sit
857 2832 1010 2895 maqis
1028 2837 1124 2878 aut‘

109 2910 270 2957 minus
298 2913 354 2958 in
382 2910 683 2960 naturalibus
709 2912 990 2961 destituta...
1014 2909 1114 2959 Sed

109 2999 340 3053 quantum
387 2993 452 3040 ad
486 2995 695 3041 rationes
732 3011 891 3041 rerum
933 3009 1113 3059 maqna

111 3070 382 3135 differentia
411 3083 506 3134 eet,
539 3077 655 3139 quia
674 3077 802 3124 sicut
827 3078 883 3124 in
903 3092 1112 3142 per-roua

109 3150 244 3199 nuda
291 3154 486 3202 nuditas
543 3158 814 3221 ‘neqationis
875 3159 1112 3206 rationem

114 3231 250 3279 habet
267 3270 281 3293 ,
308 3235 364 3280 in
393 3235 627 3300 expoliata
655 3255 762 3287 vero
786 3238 927 3286 habet
959 3240 1111 3287 ratio-

113 3328 220 3359 nem
246 3315 542 3379 privationis
569 3321 708 3367 vestie
734 3319 902 3368 debitae
925 3336 1112 3367 comer-

113 3396 223 3441 vari
234 3429 313 3452 ‚...
334 3397 402 3444 ita
424 3396 627 3462 deflectas
652 3403 830 3449 animoe
848 3410 891 3449 et
902 3403 1114 3467 corporis

113 3489 301 3523 nacuroe
327 3478 380 3523 in
400 3479 540 3542 puris
570 3481 871 3529 naturalibus
901 3498 987 3530 nec
1020 3481 1113 3530 cul-

74 3610 79 3616 ·
106 3571 186 3619 με
205 3590 220 3614 ,
253 3574 338 3605 nec
357 3575 513 3624 pamoe
530 3597 543 3620 ,
575 3577 660 3609 nec
706 3562 954 3611 vulnerum
978 3601 990 3622 ‚
1025 3572 1113 3611 ‘etc-

117 3637 348 3687 rationem
368 3639 564 3703 habent,
590 3641 671 3691 scd
690 3644 989 3694 naturalium
1009 3661 1113 3693 cou-

1196 2181 1474 2242 ditionum3
1526 2181 1583 2228 in
1639 2188 1816 2228 natura
1866 2187 2024 2227 autem
2066 2178 2201 2245 lapsa

1191 2262 1365 2311 habent
1398 2263 1633 2311 rationem
1666 2263 2059 2327 corruptionum,
2095 2261 2202 2309 vul-

1171 2362 1362 2412 nerum
1383 2382 1397 2406 ,
1425 2361 1583 2410 poenae
1605 2352 1650 2392 et
1680 2342 1832 2410 culpoe
1859 2346 1916 2391 in
1936 2351 2078 2409 parte
2102 2360 2202 2391 sus-

1191 2428 1375 2492 ceptiva
1403 2426 1558 2475 illius.
1580 2426 1647 2474 Ita
1664 2429 1800 2474 etiam
1818 2427 2022 2492 loquitur
2036 2426 2203 2474 Domi-

1191 2511 1323 2556 nicus
1351 2526 1377 2555 a
1397 2506 1506 2556 Soto
1523 2545 1536 2567 ,
1552 2508 1663 2555 alter
1680 2510 2071 2572 praestantissimus
2088 2506 2202 2555 Ord.

1193 2589 1433 2637 Praedicat.
1460 2589 1698 2653 theologus
1717 2626 1730 2648 ,
1760 2591 1840 2653 qui
1862 2627 1874 2648 ‚
1906 2587 1986 2635 De
2022 2596 2202 2636 natura

1194 2678 1239 2717 et
1256 2671 1447 2733 qratia,
1474 2670 1556 2717 lib.
1578 2687 1592 2717 l
1611 2707 1624 2730 ‚
1646 2687 1750 2734 cap.
1783 2688 1816 2737 9
1833 2704 1849 2730 ,
1875 2670 1986 2717 dicit
2021 2687 2034 2717 ε
2063 2668 2202 2717 Illud

1191 2753 1206 2814 (
1225 2759 1466 2815 peccatum
1493 2751 1727 2815 originale)
1739 2753 1957 2815 primum
1966 2751 2069 2815 fuit
2082 2787 2097 2810 ,
2119 2752 2203 2798 cui

1185 2834 1350 2898 posita
1382 2839 1486 2879 erat
1507 2849 1655 2897 poena
1683 2834 1952 2880 communis
1973 2868 1988 2891 ‚
2019 2831 2204 2881 scilicet

1193 2921 1249 2960 ut
1258 2931 1408 2978 qenue
1427 2923 1644 2961 nostrum
1670 2914 1725 2960 in
1751 2930 1890 2961 suam
1909 2913 2092 2961 nudam
2114 2930 2202 2962 ua-

1193 3003 1352 3042 turam
1388 2995 1632 3043 recideret.
1661 2993 1737 3043 Sic
1761 2995 2094 3054 Bellarminus,
2121 2994 2203 3042 De

1190 3078 1350 3140 qratia
1370 3078 1530 3142 primi
1541 3077 1665 3124 hom.
1685 3076 1767 3124 lib.
1788 3093 1805 3123 ι
1822 3114 1834 3137 ,
1852 3092 1955 3141 cap,
1978 3074 2035 3136 5,
2061 3075 2087 3142 §
2111 3093 2167 3124 ια
2185 3093 2204 3125 t

1200 3157 1394 3223 Quare,
1448 3160 1601 3224 inquit
1627 3195 1642 3218 ,
1699 3174 1798 3205 non
1841 3160 1998 3222 maqis
2042 3158 2205 3224 differt

1194 3247 1344 3287 statue
1388 3239 1600 3287 homini-3
1628 3263 1630 3265 ’
1635 3247 1749 3305 post
1789 3239 1978 3305 lapsum
2013 3238 2140 3286 Adoe
2170 3255 2202 3286 a

1194 3327 1322 3368 statu
1347 3321 1561 3386 ejusdem
1587 3322 1643 3368 in
1672 3322 1821 3386 puris
1850 3319 2161 3367 naturalibus
2182 3357 2196 3379 ‚

1194 3418 1336 3465 quam
1370 3402 1512 3450 distet
1534 3401 1771 3468 spoliatus
1798 3418 1828 3449 a
1853 3400 1983 3449 nudo
1999 3389 2018 3460 ,‘
2050 3416 2202 3464 neque

1195 3482 1398 3531 deterior
1410 3491 1478 3532 est
1492 3483 1707 3531 humana
1719 3491 1897 3531 natura
1912 3519 1926 3542 ‚
1942 3482 1988 3528 si
2009 3479 2201 3546 culpam

1196 3563 1479 3627 oriqinalem
1504 3563 1728 3613 detrahas
1743 3599 1760 3626 ‚
1792 3573 1881 3613 etc.
1966 3608 1968 3613 ,
