2580 4152
395 188 472 251 94
782 236 793 243 -
1051 219 1246 257 TRACT.
1296 223 1363 258 DE
1406 223 1514 260 nno
1555 225 1863 264 caEAToRE.

392 360 474 420 les
499 361 846 442 quaestiones
871 361 1283 442 metaphysicae
1306 362 1699 425 instituuntur
1718 412 1733 442 7
1765 390 1894 450 quae
1920 371 2316 431 curiositatem
2339 377 2519 455 magis

391 458 647 539 prodant
688 468 748 516 et
786 458 1238 538 intemperantis
1278 459 1497 539 ingenii
1541 461 1804 522 indolem
1852 487 2032 547 quam
2076 466 2287 526 solidas
2321 469 2521 552 inqui-

391 553 627 612 sitiones
655 599 669 627 7
711 552 822 610 hoc
869 574 991 610 non
1042 552 1296 613 historiae
1350 561 1620 616 mosaicae
1650 604 1665 632 7
1716 580 1847 640 quae
1890 561 1987 621 vel
2034 562 2158 643 ipsa
2218 584 2320 622 sua
2372 565 2518 624 sim-

387 648 647 730 plicitate
673 647 925 707 maxime
948 669 1008 707 se
1038 648 1416 709 commendat
1435 697 1450 726 7
1478 651 1581 711 sed
1609 651 1949 714 hominibus
1976 657 2118 719 vitio
2144 659 2293 717 verti
2316 657 2513 719 debet.

474 743 610 801 195.
660 742 792 822 Obj.
834 743 1111 803 secundO.
1165 746 1229 802 1Ο
1265 747 1406 820 Quae
1449 769 1481 804 a
1519 748 1715 827 Moyse
1763 749 1978 809 tradita
2026 763 2165 811 sunt
2203 753 2276 813 de
2321 776 2520 815 rerum

385 839 650 898 omnium
697 839 918 919 origine
947 886 962 914 7
1009 840 1089 899 ita
1131 852 1270 899 sunt
1307 853 1649 924 comparata
1681 888 1697 917 7
1745 855 1812 902 ut
1855 865 2032 904 nemo
2071 868 2192 906 non
2244 862 2520 929 agnoscat

383 936 557 1018 prisci
583 936 692 994 aevi
719 935 1157 1017 simplicitatem
1184 937 1624 1021 disciplinaeque
1653 939 1843 998 omnis
1870 939 2123 1022 physicae
2158 955 2218 1002 et
2255 956 2517 1004 astrono-

382 1033 547 1091 micae
579 1031 911 1090 infantiam.
943 1033 1011 1090 20
1038 1034 1279 1093 Terram
1307 1034 1567 1092 universi
1597 1035 1899 1093 cardinem
1931 1036 2116 1095 credit
2137 1083 2152 1111 7
2182 1043 2342 1116 cujus
2365 1061 2518 1100 com-

382 1129 572 1187 modis
600 1126 686 1186 sol
727 1149 792 1187 ac
830 1128 970 1187 luna
1014 1150 1146 1187 cum
1179 1129 1406 1211 reliqua
1443 1129 1700 1189 siderum
1733 1130 2116 1191 multitudine
2146 1133 2513 1210 inserviant,

379 1235 534 1284 astra
566 1246 705 1284 vera
738 1223 1110 1306 splendentia
1139 1239 1383 1308 corpora
1421 1225 1483 1283 in
1510 1225 1658 1285 coelo
1685 1248 1944 1308 expanso
1966 1227 2218 1287 firmata.
2251 1229 2317 1287 30
2346 1229 2517 1290 Unde

381 1321 559 1380 etiam
590 1320 810 1398 factum
850 1331 973 1396 est7
1006 1320 1200 1402 quod7
1236 1343 1371 1380 cum
1412 1321 1750 1403 corporibus
1785 1322 2117 1382 coelestibus
2160 1323 2516 1385 fabricandis

377 1440 530 1476 unus
556 1416 975 1476 tantummodo
1000 1416 1121 1476 dies
1151 1418 1399 1478 sufficiat
1419 1463 1434 1492 7
1465 1419 1528 1475 in
1545 1417 1853 1476 formanda
1876 1419 2339 1502 instruendaque
2357 1432 2514 1481 terra

377 1514 640 1596 quinque
673 1512 795 1572 dies
825 1524 1269 1571 consumantur.
1314 1515 1495 1572 Porro
1524 1513 1589 1570 40
1630 1534 1774 1594 quas
1819 1513 2007 1572 nubes
2047 1537 2155 1573 nos
2189 1536 2468 1576 vocamus
2491 1563 2509 1592 7

375 1621 578 1668 nostro
615 1608 781 1688 (scil.
820 1606 1069 1687 auctori)
1094 1607 1352 1667 solidum
1384 1606 1685 1690 quoddam
1710 1607 2016 1667 diductum
2033 1621 2119 1668 est
2139 1655 2155 1684 7
2194 1632 2311 1692 quo
2343 1633 2511 1693 aquae

374 1706 701 1787 superiores
735 1703 1160 1763 distinerentur
1178 1703 1250 1762 a'b
1269 1702 1663 1763 inferioribus.
1688 1705 1882 1777 Quum
1900 1704 1964 1761 50
1982 1704 2067 1762 sol
2084 1704 2352 1765 nondum
2369 1707 2515 1766 exis-

373 1812 526 1861 teret
549 1848 564 1877 7
591 1801 824 1860 dierum
849 1811 1050 1860 tamen
1077 1801 1459 1882 noctiumque
1473 1810 1610 1858 sunt
1630 1800 2077 1861 vicissitudines
2100 1802 2387 1861 Animalia
2413 1802 2512 1863 de-

349 1898 551 1980 nique
581 1899 644 1956 6⁰
659 1919 731 1957 ex
752 1908 910 1956 terra
938 1908 1394 1978 pronascuntur.
1420 1898 1557 1969 Quae
1585 1917 1767 1977 quum
1792 1897 1872 1954 ita
1898 1897 2018 1956 sint
2035 1943 2050 1971 7
2067 1901 2193 1976 jam
2214 1898 2282 1956 7ο
2298 1910 2512 1980 sponte

370 1993 598 2076 patebit
621 2040 637 2068 7
674 2016 853 2076 quam
875 2005 1033 2053 recte
1066 1992 1176 2052 hoc
1205 1993 1418 2053 veteris
1450 1992 1743 2074 opinionis
1772 1987 2177 2052 commentum
2202 2005 2513 2054 revocetur

370 2103 546 2173 atque
585 2092 957 2150 examinetur
995 2089 1070 2149 ad
1113 2099 1446 2148 accuratam
1498 2109 1699 2148 rerum
1738 2088 2116 2170 physicarum
2158 2090 2502 2165 scientiam7

374 2210 489 2269 qua
520 2199 723 2246 nostra
761 2198 901 2247 aetas
929 2185 1141 2266 gaudet
1166 2186 1272 2267 (l).
1306 2186 1474 2265 Ergo.

457 2285 592 2342 196.
643 2284 814 2365 Resp.
847 2283 922 2340 ad
956 2285 1059 2356 1³¹7
1094 2283 1257 2341 Dz'st.
1309 2280 1373 2340 Id
1417 2292 1539 2355 est7
1586 2301 1761 2339 nemo
1791 2302 1913 2338 non
1956 2280 2216 2360 agnoscit
2245 2282 2506 2360 Moysem

367 2402 491 2438 non
523 2378 682 2438 hunc
718 2378 828 2436 sibi
859 2379 1039 2437 finem
1073 2377 1486 2460 praestituisse7
1527 2388 1593 2434 ut
1628 2397 1844 2457 nempe
1886 2397 1991 2434 nos
2027 2377 2263 2435 doceret
2310 2376 2506 2457 physi-

316 2524 318 2526 .
366 2497 495 2534 cam
536 2486 593 2535 et
634 2474 1096 2546 astronomiam,
1138 2496 1323 2546 conc.;
1358 2473 1419 2530 in
1454 2473 1664 2552 Moysis
1709 2482 1907 2530 mente
1946 2471 2115 2530 falsas
2154 2471 2406 2553 physicae
2443 2482 2502 2530 et

365 2572 740 2631 astronomiae
768 2571 1036 2629 notiones
1066 2569 1298 2628 haesisse
1319 2615 1334 2643 7
1363 2590 1505 2650 quas
1539 2570 1769 2648 fingunt
1795 2567 2110 2627 adversarii
2130 2613 2145 2642 7
2181 2589 2311 2647 neq.
2346 2566 2499 2626 Alte-

363 2690 499 2728 rum
523 2668 689 2728 enim
727 2665 801 2726 ab
830 2666 1014 2726 altero
1054 2664 1506 2747 dispescendum
1540 2676 1647 2723 est.
1683 2665 1947 2723 Primum
1973 2663 2227 2722 libenter
2252 2662 2496 2738 damus7

362 2763 619 2824 alterum
657 2785 899 2846 prorsus
943 2783 1226 2844 negamus
1261 2806 1278 2836 7
1324 2783 1510 2844 quum
1557 2762 1682 2820 sine
1720 2781 1890 2819 causa
1931 2758 1994 2817 id
2033 2758 2141 2817 sibi
2178 2757 2499 2819 adversarii

363 2861 610 2940 fingant.

374 2957 377 2959 ’
450 2956 589 3015 197.
643 2954 727 3015 Ad
745 2955 855 3028 2¹³7
886 2954 1036 3034 Ney.
1067 2955 1191 3012 Hoc
1221 2953 1381 3011 enim
1406 2973 1715 3032 nunquam
1745 2951 2004 3009 credidit
2019 2951 2240 3029 Moyses
2262 2995 2276 3024 7
2303 2971 2496 3032 neque

363 3075 435 3112 ex
464 3051 644 3133 ipsius
672 3049 870 3111 verbis
901 3049 1224 3127 conjicitur.
1260 3047 1434 3121 Quod
1465 3049 1513 3106 si
1545 3045 1785 3106 exhibet
1819 3045 2036 3120 solem7
2077 3045 2280 3104 lunam
2319 3058 2379 3105 et
2414 3047 2495 3104 si-

360 3148 501 3208 dera
526 3158 698 3205 terrae
727 3145 1049 3205 commodis
1072 3144 1478 3216 inservientia,
1503 3143 1651 3202 ratio
1679 3144 1740 3200 in
1768 3154 2046 3224 promptu
2074 3152 2160 3200 est
2177 3188 2192 3215 7
2222 3143 2355 3224 quia
2379 3142 2493 3200 sci-

360 3243 498 3304 licet
521 3241 632 3301 sibi
670 3242 1010 3322 geogoniam
1045 3241 1417 3323 potissimum
1448 3237 1895 3298 describendam
1930 3238 2243 3318 assumpsit
2268 3283 2283 3312 7
2312 3259 2377 3296 ac
2416 3237 2492 3296 de

359 3340 507 3400 coelo
540 3339 777 3398 nonnisi
814 3337 1003 3396 obiter
1043 3336 1304 3417 loquitur
1326 3383 1341 3411 7
1381 3347 1672 3417 quatenus
1707 3355 1923 3415 nempe
1962 3345 2215 3413 systema
2254 3331 2491 3391 coeleste

358 3458 493 3495 cum
512 3434 735 3495 telluris
757 3443 1072 3515 systemate
1095 3433 1468 3511 conjungitur
1486 3456 1501 3504 ς
1524 3451 1715 3512 neque
1736 3451 1999 3511 unquam
2025 3428 2219 3487 innuit
2233 3432 2489 3485 unicum

358 3531 685 3593 coelestium
718 3551 1032 3612 corporum
1058 3529 1239 3587 finem
1264 3548 1419 3603 esse7
1449 3538 1513 3584 ut
1534 3537 1708 3586 terrae
1743 3525 2063 3584 commodis
2088 3523 2441 3582 inservirent
2468 3546 2484 3594 ς

425 3738 495 3804 (l)
530 3736 887 3798 Rosenmiiller,
908 3733 1104 3783 Scholia
1122 3735 1180 3781 in
1209 3729 1275 3783 V.
1317 3732 1384 3782 T.
1424 3743 1540 3782 tom.
1571 3749 1616 3794 1,
1642 3733 1692 3780 in
1718 3747 1822 3796 cap.
1859 3747 1876 3778 1
1917 3728 2040 3780 Gen.
2067 3729 2192 3794 Lips.
2223 3724 2369 3775 1821.
