2580 4152
373 165 492 225 394

1024 188 1222 228 TRAc'r.
1271 189 1340 227 DE
1382 190 1488 228 DEO
1528 189 1835 232 CREATORB.

374 329 587 390 creatio
606 374 622 404 a
662 330 739 388 ita
784 338 850 386 ut
892 349 1000 411 per
1035 328 1259 409 singula
1310 330 1631 392 existentiae
1683 345 1897 395 nostrae
1934 332 2295 417 tempuscula
2338 335 2489 395 Deus

374 422 807 508 quodammodo
834 424 895 483 in
919 423 1087 484 nobis
1111 439 1356 488 renovet
1376 426 1538 487 illam
1564 430 1917 490 creationem
1934 433 2276 506 existentiae,
2312 453 2488 513 quam

376 522 438 581 in
469 530 599 580 ortu
627 521 752 602 ipso
775 519 959 580 dedit.
986 522 1132 580 Cum
1155 521 1413 604 aliquem
1438 523 1763 606 reduplicat
1781 570 1797 599 ,
1829 525 1982 584 nihil
2007 526 2166 586 aliud
2195 537 2434 608 praestat
2468 572 2485 602 .,

361 617 474 677 nisi
501 626 569 675 ut
593 615 772 676 homo
797 615 960 677 illam
987 617 1343 678 creationem
1364 664 1380 695 ‚
1414 640 1593 701 quam
1620 618 1866 680 haberet
1895 623 2208 686 successive
2227 664 2249 694 ,
2275 619 2492 680 habeat

359 804 439 854 del
474 805 879 855 christianesimo.
905 808 1026 856 trad.
1055 806 1132 856 dal
1158 808 1381 868 francese‚

360 888 536 937 Venez.
559 905 574 936 1
589 906 648 957 77
665 906 702 937 1.
717 889 777 938 Ut
794 891 958 940 melius
971 894 1171 939 auctoris
1186 901 1384 957 systema

362 972 665 1036 dignoscatur
690 1008 703 1030 ‚
737 974 910 1038 juverit
959 975 1102 1038 ipsius
1151 974 1294 1022 verba
1330 976 1382 1023 in

363 1054 573 1102 medium
590 1054 753 1104 afferre
773 1091 788 1118 ,
820 1054 991 1122 quibus
1013 1058 1165 1121 ipsum
1183 1059 1382 1121 exponit.

363 1135 485 1185 Cum
514 1139 832 1201 praemisisset‚
864 1155 911 1186 se
943 1155 1025 1202 pro
1061 1149 1184 1187 certo
1213 1139 1386 1188 habere

362 1218 607 1268 hominem
631 1221 683 1268 in
707 1222 1039 1269 resurrectione
1056 1238 1152 1269 non
1172 1237 1384 1286 resump-

362 1312 520 1350 turum
555 1319 652 1351 esse
691 1319 855 1368 corpus
897 1318 1143 1363 crassum,
1178 1321 1384 1369 quocum

365 1384 568 1432 mortalis
611 1386 760 1444 vixit,
814 1395 1026 1434 autumat
1071 1385 1153 1433 che
1184 1385 1216 1432 l’
1244 1402 1383 1434 uomo

365 1468 443 1514 sia
475 1474 596 1514 stato
615 1466 910 1532 presormato
936 1469 992 1514 in
1019 1468 1155 1515 modo
1175 1505 1187 1527 ‚
1225 1468 1309 1516 che
1337 1467 1385 1517 la

365 1557 514 1596 morte
541 1565 640 1597 non
665 1548 916 1614 distruqqa
937 1558 1094 1615 punto
1132 1549 1171 1597 il
1202 1567 1288 1597 suo
1317 1567 1386 1599 es·

366 1648 495 1692 sere,
519 1649 544 1679 e
581 1630 665 1679 che
691 1630 894 1679 l'anima
923 1634 1029 1679 mai
1054 1649 1152 1680 non
1179 1634 1302 1680 cessi
1333 1632 1389 1681 di

367 1731 517 1763 essere
541 1716 682 1762 unita
711 1713 777 1761 ad
806 1730 876 1761 un
904 1731 1044 1780 corpo
1071 1717 1386 1779 orqanizzato

365 1799 489 1863 (cap.
515 1815 559 1854 1,
590 1794 758 1862 p.26);
786 1798 1012 1863 ejusmodi
1043 1808 1197 1846 autem
1220 1816 1386 1863 corpus

367 1897 469 1929 non
504 1881 529 1927 ἐ
557 1879 607 1928 al
625 1888 846 1945 presente
875 1880 958 1928 che
989 1898 1059 1928 un
1106 1898 1263 1946 qerme
1280 1898 1389 1947 pre-

363 1964 591 2028 formato‚
610 1981 704 2029 per
718 1980 814 2011 uno
839 1971 959 2011 stato
978 1964 1147 2027 futuro
1162 1981 1262 2013 non
1284 1982 1388 2029 soq-

366 2055 490 2111 9etto
522 2064 552 2094 a
575 2048 772 2113 perire,
808 2063 936 2094 come
957 2049 1145 2113 perisce
1176 2047 1217 2095 il
1246 2064 1387 2113 corpo

369 2138 588 2178 terrestre
629 2131 727 2194 (ib.
767 2146 872 2196 pag.
928 2131 1040 2192 32).
1084 2130 1183 2179 Hoc
1229 2140 1385 2179 autem

370 2229 561 2279 germen
599 2213 623 2260 ὲ
654 2229 725 2259 un
772 2228 912 2278 corpo
958 2211 1247 2278 spirituale,
1304 2212 1388 2261 che

369 2296 485 2343 deve
506 2296 752 2344 succedere
779 2295 829 2343 al
850 2312 990 2361 corpo
1016 2295 1228 2344 animale
1245 2331 1259 2355 ‚
1290 2313 1314 2343 e
1342 2294 1389 2343 la

370 2380 700 2427 risurrezione
739 2395 841 2426 non
869 2379 982 2427 sard
998 2414 1013 2438 ‚
1039 2378 1124 2427 che
1146 2378 1188 2426 lo
1203 2377 1390 2444 svilup-

367 2470 596 2528 pamento
624 2462 723 2528 piu
752 2478 778 2509 o
805 2478 915 2509 men
950 2461 1123 2528 rapido
1153 2460 1229 2509 del
1250 2478 1391 2528 corpo

369 2543 629 2610 spirituale
650 2582 663 2605 ,
690 2545 771 2592 sin
800 2544 863 2591 da
893 2546 1147 2611 principio
1173 2543 1392 2593 collocato

374 2627 457 2676 nel
492 2644 634 2694 corpo
674 2629 924 2690 animale,
962 2645 1091 2676 come
1128 2628 1176 2676 la
1215 2630 1394 2694 pianta

375 2710 458 2758 nel
477 2727 563 2758 suo
580 2712 725 2759 acino
747 2713 882 2776 (pag.
905 2708 1048 2774 224).
1073 2710 1207 2776 Quod
1227 2711 1396 2760 deinde

378 2794 586 2859 analogia
619 2795 887 2854 confirmat,
919 2795 1076 2843 dicens
1100 2811 1114 2843 ε
1139 2793 1202 2843 Se
1226 2793 1269 2841 le
1298 2794 1396 2860 piis

372 2861 496 2925 certe
524 2877 582 2924 ed
610 2885 752 2924 esatte
767 2878 1096 2925 osservazioni
1108 2892 1398 2925 concorrono

376 2977 409 3008 a
434 2959 651 3008 stabilire
670 2998 683 3021 ,
712 2960 797 3008 che
819 2969 983 3026 questa
1010 2959 1199 3009 volonta
1224 2960 1397 3008 adora·

375 3042 472 3091 bile
511 3042 650 3108 (Dio)
695 3043 759 3092 ha
807 3044 1099 3111 preformato
1146 3042 1217 3107 qli
1253 3043 1401 3090 esseri

378 3128 690 3190 oryanizzati
710 3164 723 3184 ‚
756 3144 805 3175 se
825 3144 916 3192 per
945 3142 1110 3174 mezzo
1146 3123 1223 3173 de'
1248 3126 1402 3173 nostri

378 3207 518 3256 occhi
541 3210 809 3275 scopriamo
835 3210 921 3257 noi
943 3210 1082 3257 stessi
1100 3224 1203 3256 una
1219 3207 1400 3273 prescr-

380 3292 603 3339 mazione
636 3293 691 3338 in
723 3290 861 3338 molte
897 3294 1051 3357 specie
1068 3309 1088 3353 ,·
1127 3308 1226 3339 non
1256 3292 1280 3338 ὲ
1308 3290 1402 3355 eqli

373 3373 625 3440 probabile
645 3410 659 3436 ,
683 3372 767 3420 che
785 3372 956 3422 l’uomo
981 3377 1056 3422 sia
1082 3381 1202 3421 stato
1225 3373 1403 3438 prescr-

381 3464 509 3504 mato
542 3456 597 3503 di
618 3455 756 3504 modo
773 3491 790 3516 ‚
823 3455 907 3504 che
942 3455 990 3504 la
1015 3464 1162 3504 morte
1182 3472 1280 3503 non
1300 3454 1402 3502 dis-

377 3548 617 3604 truqqesse
622 3547 778 3605 punto
789 3538 830 3586 il
839 3555 924 3587 suo
940 3556 1116 3601 essere,
1139 3556 1162 3586 e
1191 3537 1400 3586 l'anima

378 3637 478 3668 non
512 3623 616 3669 mai
653 3638 858 3669 cessasse
892 3621 948 3668 di
974 3638 1127 3669 essere
1159 3623 1300 3668 unita
1332 3619 1398 3667 ad

374 3716 444 3750 un
469 3720 609 3769 corpo
625 3706 940 3770 orqanizzato
962 3703 1097 3770 (pag.
1130 3700 1192 3751 25
1215 3740 1227 3763 ‚
1258 3700 1322 3750 26
1350 3701 1401 3764 )?

1475 808 1583 858 Vid.
1613 812 1759 864 versio
1794 807 1935 859 latina
1958 812 2088 859 =citati
2116 810 2204 860 loci
2233 812 2289 861 ad
2317 813 2488 862 calcem

1474 890 1615 958 hujus
1670 892 1937 942 voluminis.
2007 893 2182 941 Verum
2238 894 2354 946 cfr..
2386 913 2488 961 quae

1473 974 1690 1023 adversus
1761 974 1851 1023 hoc
1909 985 2109 1042 systema
2166 978 2345 1040 scripsit
2405 975 2483 1026 Cl-

1475 1056 1773 1117 Muzzarelli,
1807 1056 1863 1104 ll
1885 1056 2014 1105 buo-n
2050 1074 2135 1105 uso
2166 1055 2288 1105 della
2312 1056 2483 1122 loqica‚

1476 1157 1637 1203 opusc.
1682 1156 1782 1189 xxn
1817 1177 1831 1201 ‚
1875 1139 1990 1189 edit.
2034 1142 2196 1206 quinta
2248 1139 2491 1189 Florentiae

1485 1219 1611 1270 1822
1644 1260 1656 1282 ‚
1690 1232 1806 1271 tom.
1838 1235 1902 1272 vu
1937 1260 1950 1283 ‚
1985 1221 2067 1270 ubi
2102 1222 2332 1287 ostendit,
2364 1225 2492 1289 ejus-

1476 1305 1602 1353 modi
1647 1315 1891 1371 systemate
1933 1304 2106 1353 destrui
2139 1305 2291 1354 ideam
2330 1315 2374 1354 et
2410 1321 2488 1354 ve-

1473 1389 1654 1435 ritatem
1726 1390 1887 1438 mortis
1919 1424 1933 1447 ‚
1999 1388 2178 1436 nullam
2226 1389 2326 1453 jam
2388 1387 2487 1435 dari

1473 1487 1630 1517 veram
1660 1472 2047 1518 resurrectionem
2066 1506 2080 1530 ,
2100 1469 2303 1517 subverti
2321 1469 2484 1529 fidem,

1474 1557 1569 1599 etc.
1608 1550 1727 1599 Satis
1772 1551 1908 1599 nobis
1956 1553 2040 1600 erit
2087 1551 2448 1599 animadvertere
2472 1587 2486 1611 ‚

1483 1641 1531 1680 1⁰
1569 1644 1765 1698 systema
1804 1633 1927 1681 istud
1963 1633 2021 1682 de
2056 1634 2284 1681 subtiliori
2321 1649 2492 1697 organo

1476 1717 1642 1763 animae
1669 1716 1922 1764 inhaerente
1956 1714 2091 1764 valde
2122 1716 2334 1764 arridere
2353 1717 2491 1763 ratio-

1475 1798 1650 1846 nalistis
1665 1836 1678 1858 ‚
1707 1815 1803 1846 non
1820 1798 1878 1846 ad
1895 1800 2273 1847 resurrectionem
2291 1799 2492 1846 suturam

1476 1880 1838 1941 adstruendam,
1880 1881 2107 1947 siquidem
2149 1898 2252 1929 eam
2288 1890 2490 1944 negant,

1476 1962 1556 2011 sed
1579 1963 1638 2011 ad
1670 1963 1825 2010 ideam
1855 1963 1942 2010 sibi
1971 1962 2308 2011 efformandam
2331 1966 2497 2011 animae

1478 2045 1768 2092 subsistentis
1786 2051 1891 2109 post
1913 2045 2054 2110 hujus
2077 2047 2307 2093 crassioris
2333 2062 2497 2109 corpo-

1475 2130 1535 2175 ris
1582 2128 1937 2192 depositionem.
1998 2125 2274 2187 Animum‚
2344 2129 2498 2193 inquit

1476 2209 1803 2275 Wegscheider
1822 2247 1834 2269 ‚
1866 2207 1892 2275 §
1913 2206 2005 2275 ¹94
2022 2245 2038 2270 ‚
2062 2225 2169 2256 cum
2187 2225 2331 2257 sensu
2358 2216 2402 2256 et
2415 2211 2499 2256 sui

1477 2294 1634 2359 ipsius
1661 2294 1955 2341 conscientia
1973 2328 1985 2350 ‚
2010 2290 2205 2356 ideoque
2227 2307 2346 2340 novo
2375 2307 2496 2356 qua-

1479 2375 1717 2440 licumque
1750 2391 1928 2439 orqano
1958 2382 2189 2439 tanquam
2211 2390 2404 2440 corpore
2418 2389 2496 2421 eo·

1479 2443 1676 2523 deinque
1706 2456 1955 2505 subtiliore
1984 2458 2273 2505 instructum
2288 2492 2305 2518 ‚
2340 2457 2496 2520 siqui·

1481 2541 1586 2589 dem
1600 2542 1771 2589 mentis
1784 2540 1949 2605 finitae
1969 2541 2077 2587 sine
2094 2541 2245 2605 spatii
2262 2537 2499 2586 limitibus

1481 2633 1526 2672 et
1533 2622 1775 2690 corporali
1783 2633 1959 2671 natura
1971 2624 2052 2670 via·
2062 2623 2269 2687 eoqitari
2270 2627 2492 2687 possunt,

1476 2716 1586 2773 post
1609 2714 1807 2754 mortem
1834 2707 2046 2771 corporis
2076 2706 2254 2753 terreni
2276 2703 2380 2767 sore
2413 2719 2499 2749 su-

1477 2792 1741 2857 perstitem.
1762 2788 1839 2837 Sic
1855 2791 1990 2837 etiam
2016 2787 2063 2837 J.
2082 2786 2257 2851 Gaspar
2274 2779 2467 2834 Lavater
2482 2819 2496 2843 ‚

1486 2872 1537 2923 A
1543 2872 1783 2921 ussichten
1812 2874 1867 2920 in
1897 2871 1976 2919 die
1999 2869 2272 2934 Ewiqkeit,
2299 2879 2389 2917 etc.
2417 2885 2500 2916 seu

1485 2952 1770 3022 Prospectus
1796 2956 1848 3002 in
1876 2938 2189 3002 ‘wternitatem
2208 2989 2220 3010 ‚
2253 2953 2387 3017 epist.
2411 2967 2499 3014 v11;

1487 3038 1785 3097 Doederlein,
1806 3036 1845 3083 I
1841 3045 1936 3084 nst.
1954 3034 2092 3083 theol.
2108 3034 2276 3083 christ.
2291 3051 2351 3094 11,
2370 3030 2499 3096 4863

1489 3121 1667 3181 Schott‚
1683 3119 1736 3167 E
1728 3122 1821 3185 pit.
1840 3118 1976 3166 theol.
1994 3117 2442 3182 christ.doqm.edit.
2455 3132 2472 3163 1
2487 3153 2500 3172 ,

1492 3223 1596 3270 pag.
1624 3202 1715 3253 125
1730 3240 1744 3262 ,
1768 3204 1846 3268 qui
1867 3188 2053 3249 scribit:
2075 3200 2279 3266 Corpore
2292 3198 2504 3246 humano

1494 3285 1720 3335 subtilius
1737 3284 1953 3349 idemque
1970 3283 2109 3331 nobis
2130 3280 2373 3330 invisibile
2390 3297 2504 3328 con-

1493 3370 1643 3418 tineri
1681 3368 1842 3415 animi
1889 3368 2043 3414 nostri
2081 3364 2383 3413 involucrum
2423 3379 2507 3410 seu

1486 3467 1733 3516 organon,
1773 3451 1914 3515 eujus
1951 3465 2094 3497 usum
2137 3449 2334 3495 animus
2370 3454 2414 3493 et
2447 3447 2506 3492 in

1486 3535 1575 3582 hac
1596 3535 1697 3582 vita
1718 3533 1932 3581 terrestri
1945 3533 2103 3596 saciat
2122 3567 2135 3589 ‚
2164 3537 2210 3577 et
2221 3530 2386 3577 statim
2395 3533 2506 3592 post

1484 3624 1679 3665 mortem
1724 3615 1937 3664 libertate
1971 3614 2151 3677 majori
2177 3614 2244 3660 sit
2259 3611 2499 3676 facturus.

1485 3699 1704 3748 Similiter
1732 3698 1911 3761 Kaiser,
1928 3698 2161 3760 Monoqr.
2176 3692 2315 3742 theol.
2335 3690 2502 3739 christ.
