2580 4152
2051 220 2164 279 125

460 247 614 286 PART.
660 247 746 284 111.
791 245 914 283 GAP.
962 246 1003 281 1.
1050 243 1118 283 DE
1160 243 1391 282 HOMINIS
1435 241 1760 281 CREATIONE.

159 391 298 451 253.
347 389 410 446 40
445 385 756 464 philologia
798 385 920 466 ipsa
949 429 965 458 ,
1010 405 1137 464 quae
1173 384 1339 444 novis
1375 384 1522 442 curis
1565 381 1790 441 exculta
1833 380 1941 439 hac
1969 391 2168 439 nostra

79 498 244 548 aetate
285 493 403 558 est,
447 480 604 539 aliud
645 479 981 561 suppeditat
1020 478 1295 539 adversus
1344 499 1439 537 eos
1472 522 1488 551 ,
1543 498 1685 558 quos
1726 476 2163 556 impugnamu5‚

81 587 505 659 argumentum.
547 574 926 655 Exploratum
976 594 1229 654 namque
1272 583 1359 631 est
1407 571 1630 650 linguas
1677 591 1877 628 omnes
1919 569 1992 628 ad
2027 568 2168 627 duas

80 674 393 756 praecipuas
417 671 538 728 sive
565 680 802 743 matres,
833 679 899 726 ut
927 678 1138 729 vocant
1156 713 1171 741 a
1201 687 1265 725 ac
1289 666 1613 747 primitivas
1643 665 1900 725 revocari
1918 686 1949 721 a
1975 663 2170 746 philo-

80 767 253 846 logis,
291 768 621 822 semiticam
656 762 902 836 scilicet,
939 773 996 820 et
1022 766 1360 840 japetz'cam
1400 760 1521 840 (l).·‚
1562 780 1735 840 porro
1769 758 1947 817 iidem
1980 757 2172 816 obser-

81 869 294 921 varunt
315 858 538 938 linguas
561 858 696 915 istas
717 858 834 918 sive
858 856 1132 914 idiomata
1158 854 1354 936 plures
1377 853 1594 912 radices
1622 853 1740 912 imo
1765 864 1824 912 et
1846 873 2012 911 voces
2039 873 2172 911 con-

82 974 287 1011 munes
311 951 524 1011 habere
535 995 555 1023 ,
581 953 628 1009 si
645 972 886 1032 parvam
900 949 1273 1008 inflexionem
1297 948 1542 1028 excipias
1560 993 1576 1021 7
1602 968 1709 1006 nec
1733 970 1854 1007 non
1874 946 2173 1006 interdum

82 1048 293 1105 formas
330 1058 388 1105 et
428 1045 855 1124 grammaticale
889 1054 1159 1123 systema.
1199 1045 1451 1100 Rursum
1484 1039 1556 1098 ab
1604 1042 1706 1113 iis,
1760 1042 1860 1122 qui
1901 1040 2173 1122 peculiari

83 1142 272 1200 studio
291 1142 547 1221 linguam
568 1144 1007 1199 samscriticam
1044 1147 1443 1217 nuncupatam
1464 1181 1479 1209 .,
1516 1157 1644 1216 quae
1681 1136 1744 1193 in
1771 1157 1879 1193 usu
1902 1137 2060 1216 apud
2084 1138 2175 1195 In-

86 1236 190 1294 dos
214 1248 321 1310 est,
340 1236 742 1308 excoluerunt,
767 1244 1036 1291 notatum
1065 1243 1151 1290 est
1171 1230 1322 1289 hanc
1336 1221 1399 1288 in
1422 1228 1712 1311 plerisque
1736 1228 2028 1290 vocabulis
2042 1251 2176 1312 cum

89 1330 297 1411 linguis
339 1317 521 1411 graeca
570 1341 630 1389 et
673 1329 889 1400 latina,
927 1327 1166 1408 aliisque
1199 1326 1320 1387 sive
1354 1323 1776 1407 antiquioribus
1814 1324 1934 1386 sive
1973 1345 2178 1384 recen—

89 1510 141 1541 ac
172 1496 210 1542 si
237 1512 333 1543 non
358 1494 545 1542 aliunde
567 1495 795 1558 ‘originem
824 1493 1084 1540 traxissent.

91 1575 268 1640 Quibus
298 1585 587 1624 accesserunt
612 1580 751 1640 poetae
771 1610 786 1636 9
816 1576 896 1639 qui
918 1573 1089 1639 mythis

92 1660 184 1705 suis
199 1655 320 1705 hanc
335 1660 603 1722 opinionem
627 1656 983 1721 amplificarunt.
1003 1653 1090 1702 Ce-

91 1750 240 1788 terum
277 1740 519 1788 nationalis
557 1739 653 1786 haec
690 1756 769 1787 seu
801 1737 1092 1802 provincialis

89 1822 477 1887 gloriola]minime
491 1821 657 1879 obfuit,
674 1822 925 1885 quominus
940 1827 1094 1882 gentes

93 1921 252 1952 omnes
283 1905 468 1967 vestigia
502 1903 722 1950 servarint
751 1904 978 1965 primaevae
1004 1909 1094 1946 tra·

96 1985 280 2033 ditionis
296 1987 414 2033 circa
429 1986 646 2049 originem
660 1984 906 2031 hominum
931 2019 944 2042 ‚
971 1989 1023 2029 ut
1037 1997 1096 2028 ex

99 2066 231 2115 dictis
258 2077 397 2130 patet.
429 2066 614 2132 Ubique
641 2076 737 2113 tum
761 2083 786 2113 a
813 2063 974 2112 Graecis
994 2073 1097 2111 tum

98 2164 126 2194 a
154 2147 327 2196 Latinis
354 2148 567 2196 laudibus
587 2147 822 2196 extollitur
835 2144 1003 2210 Japeti
1014 2162 1096 2208 qe.-

101 2246 196 2276 nus
211 2263 227 2289 ‚
259 2232 389 2295 cujus
415 2219 604 2295 quidem
629 2228 776 2292 Japeti
798 2245 879 2275 seu
903 2226 1096 2292 Japhet,

48 2336 50 2339 v
107 2328 132 2357 a
149 2327 241 2375 quo
264 2311 468 2375 plerique
482 2311 688 2375 Europaei
713 2310 964 2358 deveniunt
981 2345 994 2368 ‚
1017 2308 1100 2354 fre·

106 2393 403 2456 quentissima
430 2394 599 2440 mentio
631 2391 752 2456 apud
788 2392 1001 2456 antiquos
1030 2407 1101 2438 oc·

105 2475 262 2521 currit.
292 2472 389 2521 Cfr.
421 2472 590 2520 Guerin
626 2473 703 2520 Du
729 2472 936 2531 Rocher,
969 2470 1019 2520 S.
1050 2471 1099 2519 J.

107 2556 157 2602 in
185 2572 262 2619 op.
307 2554 527 2602 Histoire
566 2552 789 2601 veritable
831 2551 911 2599 des
954 2560 1103 2617 temps

101 2635 334 2700 subulcum
347 2671 363 2697 ‚
391 2638 638 2701 praesertim
666 2644 779 2683 tom.
798 2651 832 2681 1.

177 2717 240 2781 (l)
278 2717 376 2766 Hoc
396 2725 720 2781 argumentum
736 2732 831 2763 non
848 2718 909 2763 ita
925 2715 1105 2780 pridem

108 2804 203 2868 jam
222 2803 480 2851 excoluerat
496 2801 565 2849 Cl.
594 2800 876 2848 Leibnitzius
898 2837 911 2859 ‚
947 2802 1026 2866 qui
1056 2802 1107 2848 in
1131 2840 1135 2842 μ

109 2903 268 2950 opusc.
282 2886 455 2933 Brevis
469 2883 734 2948 desiqnatio
746 2882 1107 2930 meditationum

113 2966 168 3012 de
191 2966 460 3030 originibus
478 2967 710 3030 gentium,
735 2964 890 3013 ductis
907 2965 1108 3030 potissi-

112 3062 243 3093 mum
269 3063 326 3094 eat
351 3047 534 3095 indicio
565 3046 844 3111 linquarum
876 3049 1002 3110 (tom.
1032 3062 1105 3105 1v,

114 3144 216 3191 pag.
257 3125 348 3176 186
376 3138 420 3176 et
448 3146 602 3195 seqq„
630 3146 738 3193 opp.
767 3129 880 3176 edit.
900 3127 1105 3187 Dutens,

112 3206 291 3257 Genev.
330 3207 515 3274 1768),
547 3220 730 3259 revocat
747 3210 925 3275 linguas
950 3226 1109 3258 omnes

113 3289 171 3336 ad
196 3305 488 3338 communem
514 3291 716 3357 aliquam
734 3329 747 3352 ‚
775 3307 881 3357 quae
903 3308 995 3339 una
1012 3293 1109 3354 pri-

115 3387 244 3417 mum
277 3387 371 3418 esse
401 3370 594 3432 debuit,
627 3389 819 3438 quaeque
850 3382 1007 3437 postea
1034 3371 1110 3419 bi-

114 3451 275 3499 fariam
301 3451 444 3499 divisa
474 3462 540 3500 est
569 3454 618 3500 in
633 3454 901 3519 japeticam
928 3464 973 3502 et
998 3470 1110 3502 ara-

114 3548 316 3594 moeam3
348 3548 451 3598 quae
478 3532 589 3581 hinc
616 3551 643 3582 a
674 3537 819 3600 prima
844 3535 1113 3600 prodierunt

116 3613 270 3677 lingua
289 3650 302 3673 ‚
321 3617 689 3678 septemtrionem
708 3617 955 3681 implevere
971 3654 984 3676 ‚
1004 3633 1108 3682 quae

117 3709 146 3740 a
188 3695 386 3744 secunda
420 3733 434 3757 ,
486 3696 740 3747 meridiem.
779 3696 851 3747 Ad
872 3699 1114 3764 japeticas

1169 1501 1346 1566 linguas
1365 1502 1505 1550 refert
1530 1518 1604 1550 eas
1622 1538 1635 1561 ,
1665 1500 1834 1566 quibus
1856 1502 1927 1549 usi
1954 1510 2061 1549 sunt
2085 1498 2179 1548 Ja-

1163 1582 1302 1648 pheti
1337 1586 1538 1648 posteri3
1574 1583 1632 1631 ad
1664 1599 1928 1645 aramoeaS,
1964 1600 2078 1648 quas
2112 1593 2180 1631 te-

1173 1675 1375 1712 nuerunt
1408 1663 1546 1713 Semi
1581 1663 1846 1728 Chamique
1889 1667 2178 1729 propagines.

1175 1745 1395 1794 Observat
1432 1746 1564 1810 plura
1600 1745 1823 1794 vocabula
1860 1749 2180 1810 cognationem

1177 1844 1474 1877 communem
1504 1845 1594 1893 prae
1628 1843 1674 1874 se
1710 1827 1828 1875 ferre
1861 1829 1911 1873 in
1952 1826 2181 1893 ejusmodi

1175 1909 1378 1973 linguis3
1418 1926 1472 1957 ex
1502 1908 1669 1974 quibus
1693 1911 1794 1972 jure
1817 1908 1955 1956 infert
1973 1945 1987 1967 ‚
2027 1917 2182 1972 gentes

1179 2007 1338 2038 omnes
1351 1993 1489 2038 unius
1502 1992 1646 2054 gentis
1660 1999 1737 2049 aut
1752 1991 1901 2054 stirpis
1915 1993 2184 2054 propagines

1179 2072 1471 2138 coloniasque
1488 2072 1628 2120 fuisse
1643 2109 1657 2131 ,
1686 2089 1955 2137 quanquam
1969 2074 2018 2118 in
2032 2088 2182 2119 remo·-

1179 2154 1373 2202 tioribus
1414 2153 1639 2218 paulatim
1674 2142 1864 2216 vestigia
1900 2154 2186 2216 cognationis

1182 2237 1372 2283 omnino
1408 2236 1643 2298 perierint.
1689 2233 1820 2281 Idem
1864 2243 2186 2297 argumentum

1182 2317 1328 2365 fusius
1355 2325 1620 2381 prosecutus
1634 2325 1700 2364 est
1724 2314 1864 2363 Laur.
1882 2314 2053 2362 Hes-vas
2069 2314 2120 2363 S.
2136 2315 2184 2364 J.

1183 2407 1285 2446 tum
1333 2400 1385 2445 in
1444 2415 1522 2462 op.
1575 2394 1782 2461 Orv'yine
1804 2433 1817 2456 ‚
1849 2395 2182 2460 sormazione,

1184 2487 1269 2528 etc.
1304 2477 1427 2542 deql'
1453 2478 1630 2526 idiomi
1642 2512 1658 2538 ,
1697 2477 1869 2526 Cesena
1893 2475 2017 2543 1785
2037 2513 2051 2538 ‚
2075 2481 2190 2526 etin

1185 2578 1260 2625 op.
1291 2558 1473 2625 Saqqio
1501 2561 1690 2625 pratico
1719 2558 1834 2607 delle
1869 2557 2061 2622 linque,
2101 2558 2189 2606 Ce-

1186 2659 1294 2689 sena
1334 2639 1457 2706 1787
1478 2678 1490 2700 ‚
1529 2651 1629 2688 tum
1662 2643 1713 2688 in
1751 2657 1834 2688 suo
1874 2638 1932 2686 V
1925 2638 2190 2687 ocabolario

1186 2720 1470 2784 Poliqlotto,
1504 2721 1679 2770 Cesena
1722 2721 1829 2768 eod.
1873 2738 2014 2768 auno.
2040 2719 2192 2785 Quem

1189 2804 1330 2850 secuti
1369 2812 1477 2849 sunt
1516 2801 1825 2866 superioribus
1864 2804 1998 2849 annis
2038 2803 2195 2866 plures

1188 2884 1265 2932 alii
1281 2882 1446 2943 Vater,
1470 2882 1681 2947 Adelung
1701 2920 1714 2943 ,
1734 2882 1957 2948 Klaproth
1975 2920 1988 2944 ‚
2016 2882 2189 2943 Pictet,

1188 2962 1396 3030 Schlegel
1411 3001 1424 3023 ‚
1446 2975 1532 3013 etc.
1556 2963 1645 3029 Qui
1660 2974 1867 3028 praeterea
1882 2982 1935 3012 ex
1948 2965 2193 3030 philologia

1189 3056 1445 3111 comparata
1488 3046 1769 3110 collegerunt
1819 3047 1946 3095 hunc
1991 3046 2193 3095 fructum

1189 3145 1286 3176 non
1305 3130 1458 3175 minus
1483 3127 1682 3175 historiae
1712 3145 1850 3192 quam
1867 3127 2073 3191 religioni
2087 3145 2193 3193 pro-

1189 3210 1384 3269 ficuum,
1404 3226 1570 3273 nempe
1584 3218 1792 3261 constare
1805 3245 1818 3268 ‚
1836 3209 2196 3273 independenter

1191 3290 1248 3339 ab
1275 3291 1463 3339 historia
1489 3292 1614 3355 ipsa,
1646 3289 1976 3338 derivationem
2008 3291 2194 3356 populo-

1191 3389 1328 3432 rum,
1361 3374 1443 3437 qui
1486 3381 1643 3419 tamen
1679 3373 1909 3419 varietatis
1945 3373 2193 3419 constantis

1191 3462 1323 3502 notas
1342 3470 1430 3518 prae
1454 3469 1502 3501 se
1530 3452 1684 3501 ferunt
1701 3489 1714 3512 ‚
1741 3452 1801 3501 ab
1827 3469 1921 3501 uno
1941 3452 2195 3518 eodemque

1193 3536 1343 3599 stipite
1371 3550 1450 3582 seu
1473 3536 1645 3599 origine
1677 3535 1907 3598 primitiva
1936 3536 2191 3583 communi.

1194 3614 1278 3664 His
1335 3614 1810 3664 animadversionibus
1860 3614 2194 3664 confirmantur

1194 3699 1292 3763 ipsa
1321 3707 1588 3763 argumenta
1613 3696 1938 3763 physiologica.
1957 3694 2026 3746 Cl.
2047 3696 2194 3763 Klap÷
