2580 4152
330 306 489 343 PART.
537 307 599 342 11.
647 305 770 340 CAP.
822 305 862 339 1.
909 303 978 340 ΒΕ
1021 303 1204 340 nim-em
1248 303 1557 341 GREATIONE
1602 304 1672 340 Ex
1715 305 1929 342 Mfflro.
2125 288 2199 344 69

86 458 145 505 et
169 465 510 528 corporeum
545 453 777 501 tantum
810 464 911 501 seu
935 443 1378 507 rerumsmolem
1397 489 1412 518 7
1445 464 1571 524 quae
1594 465 1700 502 nos
1729 443 2063 503 circumstat
2084 491 2100 520 7
2131 467 2202 505 ex

86 540 268 598 nihilo
296 537 783 612 conditam-esse,
814 537 1309 619 propugnandum
1341 539 1705 621 suscipimus,

169 634 305 692 140.
356 634 443 691 Ita
477 632 622 690 dum
657 631 949 690 mundum
994 654 1066 691 ex
1115 632 1297 690 nihilo
1339 633 1617 707 eductum
1666 633 2057 707 adstruimus.,
2097 656 2204 716 per

85 729 348 787 nihilum
378 726 753 805 intelligimus
793 738 1011 785 statum
1039 726 1434 808 possibilitatis
1473 750 1652 788 merae
1688 728 1970 802 internae,
2004 734 2204 808 loqicoe

84 845 115 882 a
152 821 450 881 nonnullis
489 833 837 903 nuncupatae
862 867 877 897 ,
928 844 1028 881 seu
1068 845 1189 881 non
1237 824 1558 882 existentiae
1590 870 1606 898 .,
1657 835 1834 906 prout
1884 825 2204 906 opponitur

82 918 255 976 statui
282 917 627 975 actualitatis
666 929 724 975 et
749 918 1067 976 existentiae
1088 963 1104 992 7
1135 928 1312 999 atque
1336 930 1402 977 ut
1437 929 1725 1000 punctum
1752 929 1812 978 et
1845 920 2167 978 terminum
2184 965 2200 994 ,

85 1035 115 1070 a
152 1035 266 1093 quo
292 1011 591 1070 actualitas
617 1034 740 1071 esse
763 1013 940 1093 coepit
961 1057 975 1086 ,
1004 1024 1064 1071 et
1091 1012 1330 1094 quidem
1352 1059 1370 1088 .‚
1400 1024 1467 1071 ut
1507 1013 1704 1087 aiunt,
1739 1025 1868 1072 tum
1911 1035 1983 1073 ex
2019 1013 2202 1073 nihilo

85 1113 220 1181 sui,
255 1119 383 1165 tum
407 1128 478 1166 ex
517 1106 705 1165 nihilo
734 1108 988 1183 subjecti
1019 1105 2094 1186 (1).·

919 1293 1346 1347 PROPOSITIO.

87 1428 280 1499 Deus,
302 1434 491 1502 prout
513 1444 584 1481 ρει·
622 1424 831 1481 divina
874 1424 1228 1483 revelatione
1261 1434 1527 1495 constat,
1564 1426 1871 1484 mundum
1910 1448 1982 1484 ea·
2011 1429 2204 1487 nihilo

489 1522 560 1575 in
597 1528 854 1597 tempore
895 1540 998 1576 seu
1036 1539 1178 1577 cum
1216 1529 1471 1598 tempore
1507 1522 1794 1580 condidit.

169 1678 300 1737 141.
343 1679 482 1738 Haec
509 1679 826 1761 propositio
865 1691 953 1739 est
990 1679 1063 1739 de
1091 1679 1207 1739 fide
1226 1725 1242 1755 ‚
1279 1692 1346 1739 ut
1384 1693 1548 1763 patet
1579 1704 1652 1742 ex
1675 1683 1941 1764 symbolo
1967 1697 2205 1767 aposto—

84 1772 192 1832 lico
226 1796 245 1832 .·
275 1774 455 1833 Credo
482 1779 551 1832 in
584 1777 784 1834 Deum
815 1786 1052 1853 patrem
1088 1780 1580 1855 omnipotentem⁷
1627 1790 1952 1838 creatorem
1986 1784 2122 1840 coeli
2153 1793 2210 1840 et

83 1879 255 1927 terroe
268 1912 289 1940 ,
315 1871 654 1929 visibilium
679 1869 896 1929 scilicet
920 1881 980 1930 et
1007 1872 1423 1930 invisibilium
1445 1918 1461 1947 ,
1504 1884 1572 1931 ut
1598 1875 1843 1957 exponit
1872 1875 2206 1955 symbolum

83 1963 1027 2046 nicaeno-constantinopolitanum
1049 2010 1064 2040 ,
1101 1975 1160 2024 et
1200 1971 1456 2048 apertius
1505 1968 1683 2053 etiam
1720 1991 1793 2029 ex
1822 1961 2078 2030 Concilio
2102 1974 2205 2032 La-

85 2069 270 2118 teran.
308 2058 403 2134 IV,
447 2059 605 2141 quod
647 2060 946 2140 speciatim
988 2061 1237 2122 sancivit
1273 2084 1475 2121 unum
1529 2085 1646 2124 esse
1701 2077 2026 2125 creatorem
2074 2089 2204 2126 om-

84 2156 330 2213 nium..
352 2159 466 2233 qui
487 2156 674 2213 simul
685 2157 763 2214 ab
787 2159 967 2215 initio
984 2161 1265 2236 temporis
1284 2169 1605 2238 utramque
1626 2160 1698 2219 de
1717 2161 1909 2219 nihilo
1932 2163 2206 2222 condidit

82 2259 462 2323 creaturam„
509 2253 893 2329 spiritualem
921 2262 976 2310 et
1014 2254 1420 2332 corporalem,
1462 2256 1798 2335 anqelicam
1836 2258 2108 2316 videlicet
2152 2269 2209 2316 ec

86 2345 466 2402 mundanam
507 2345 616 2424 (2).

170 2436 305 2494 142.
352 2439 655 2506 Praefatam
680 2438 1007 2501 doctrinam
1035 2443 1260 2523 Moyses
1295 2445 1432 2503 satis
1470 2457 1670 2527 aperte
1698 2446 1943 2506 tradidit
1983 2470 2092 2530 per
2137 2470 2202 2508 ea

86 2530 263 2591 verba
286 2576 302 2605 ,
336 2531 544 2612 quibus
570 2532 788 2593 librum
825 2538 1114 2597 Geneseos
1145 2559 1381 2598 exorsus
1418 2551 1506 2599 est
1540 2563 1552 2597 :
1587 2542 1668 2601 In
1680 2548 2000 2622 principio
2033 2566 2203 2604 crea—

37 2672 40 2674 *
85 2629 172 2683 vit
192 2627 355 2685 Deus
379 2628 596 2685 coelum
623 2639 678 2686 et
701 2640 926 2689 terram
940 2657 966 2704 ,-
1006 2632 1066 2690 in
1094 2634 1382 2716 principio
1423 2635 1640 2695 scilicet
1671 2648 2007 2720 temporum
2035 2661 2204 2700 crea-

153 2803 223 2865 (1)
260 2803 347 2851 Alii
390 2805 682 2868 distinguunt
724 2809 845 2856 inter
883 2807 1127 2857 nihilum·
1180 2814 1312 2859 aiunt
1343 2812 1393 2859 hi
1423 2800 1631 2877 primum
1659 2815 1926 2877 produxisse
1958 2834 2017 2865 ex
2054 2818 2202 2866 nihilo

77 2886 346 2954 posit-ivam
377 2894 423 2933 et
445 2886 658 2935 nihilum
693 2891 987 2954 neqativum.
1015 2890 1099 2939 Ni·
1180 2895 1391 2957 negativo
1411 2931 1424 2951 ‚
1452 2895 1628 2943 scilicet
1648 2897 1697 2956 ἐξ
1724 2898 1803 2945 ουίι
1835 2895 1956 2946 ’ὄντος
1977 2936 1990 2957 ,
2023 2915 2082 2947 ea·
2103 2916 2203 2947 non

86 2965 237 3014 hilum
276 2969 543 3032 positivum
580 2981 744 3018 vocant
779 2971 922 3032 illud,
972 2972 1100 3038 quod
1182 2982 1288 3022 ente
1310 3012 1323 3034 ‚
1347 2976 1547 3024 nihilum
1566 2980 1847 3042 privativum
1863 2998 1943 3028 seu
1963 2984 2201 3031 materiem

88 3056 190 3094 actu
225 3065 319 3096 non
344 3060 437 3110 est,
470 3051 549 3098 sed
581 3051 732 3099 solum
768 3055 817 3100 in
849 3057 1052 3118 potentia
1084 3070 1099 3117 ;
1186 3056 1437 3105 informem
1463 3057 1667 3121 (creatio
1687 3063 1859 3126 prima
1888 3063 2081 3127 dicitur)
2122 3081 2201 3113 seu

89 3127 594 3194 nihilo-macyativum,
619 3134 745 3198 quod
768 3151 921 3201 neque
934 3138 984 3184 in
997 3147 1103 3185 actu
1186 3140 1328 3203 primi
1362 3139 1536 3187 ordinis
1555 3177 1569 3198 ,
1609 3141 1778 3190 deinde
1808 3161 1862 3191 ex
1895 3148 2085 3194 materia
2127 3149 2203 3194 in-

90 3211 301 3273 nequein
317 3215 549 3275 potentia,
572 3216 733 3263 saltem
747 3219 956 3280 proxima
977 3253 991 3276 ‚
1013 3228 1099 3266 est.
1184 3221 1325 3268 formi
1360 3239 1429 3269 res
1469 3232 1642 3270 creatas
1685 3241 1846 3273 omnes
1890 3227 2088 3289 (creatio
2130 3245 2204 3276 se-

90 3287 186 3336 Alii
207 3290 451 3357 discrimen
468 3307 721 3360 posuerunt
742 3300 863 3346 inter
883 3297 1101 3347 nihilum
1182 3302 1343 3349 cunda
1392 3316 1694 3369 nuncupatur
1731 3307 1765 3367 ).
1832 3309 1900 3356 Ad
1952 3310 2204 3358 tollendam

91 3372 403 3436 neqativum,
444 3377 571 3440 quod
612 3379 842 3442 significat
872 3377 1107 3446 ἀφαίρεσιν
1191 3383 1386 3448 proinde
1415 3402 1601 3434 omnem
1635 3390 2046 3453 aequivocationem
2066 3429 2079 3451 ,
2104 3410 2205 3457 quae

90 3452 161 3500 vel
174 3456 468 3519 negationem
486 3461 636 3507 omnis
654 3462 871 3509 entitatiae
886 3498 903 3525 ‚
927 3473 971 3511 et
990 3466 1110 3511 inter
1190 3467 1240 3512 in
1254 3468 1380 3514 varia
1397 3466 1549 3515 nihili
1563 3471 1753 3518 notione
1775 3472 1911 3531 inest,
1932 3473 2030 3520 aliis
2052 3472 2204 3521 verbis

89 3532 298 3581 nihilum
340 3538 680 3601 privativum,
735 3544 863 3607 quod
913 3546 1110 3593 existens
1192 3550 1263 3595 usi
1294 3566 1472 3597 sumus.

89 3615 280 3678 quidem
296 3616 499 3683 aliquid,
519 3621 1106 3691 scilicetmateriem‚snp-
1256 3629 1328 3692 (ᾖ)
1367 3630 1422 3678 In
1451 3649 1556 3698 cap.
1591 3633 1834 3682 Firmiter
1873 3636 2083 3699 superius
2123 3635 2206 3684 ad-

91 3698 244 3758 ponit,
295 3700 375 3747 sed
424 3700 484 3748 ad
527 3701 705 3768 aliquid
752 3706 1107 3770 producendum
1189 3709 1350 3759 ducto.

91 3792 276 3840 prorsus
318 3781 524 3846 ineptam
556 3794 600 3831 et
638 3785 908 3838 informem.
953 3788 1107 3839 Deum
