2580 4152
352 140 467 201 196

1007 166 1202 204 ΤΒΔΟΤ.
1253 169 1323 205 ΒΕ
1367 170 1473 207 1)Εο
1516 170 1826 211 ΟΒΕΑΤΟΒΕ.

343 308 577 389 nymi-ce
603 316 841 389 sumpto
860 351 876 381 7
915 326 1018 365 seu
1047 306 1122 367 de
1157 311 1382 390 peccati
1421 332 1602 392 poena
1631 323 1692 372 et
1718 314 1930 375 effectu
1961 359 1976 389 7
2009 316 2143 397 quia
2186 315 2376 375 omnis
2405 317 2491 377 in-

346 404 643 464 firmitatis
670 402 956 462 humanae
998 423 1171 463 causa
1198 417 1259 465 et
1302 408 1463 487 origo
1485 452 1500 480 7
1527 418 1596 465 ut
1628 429 1702 467 ex
1725 411 2092 492 experientia
2120 422 2286 493 patet
2304 457 2319 488 7
2350 435 2490 495 pec-

345 512 471 560 cata
500 509 641 557 sunt
661 545 677 573 7
700 509 760 557 et
793 498 874 557 sic
899 520 1054 557 noxa
1079 499 1144 558 in
1175 513 1381 562 omnes
1407 502 1678 563 homines
1702 503 2054 566 diffunditur
2074 554 2090 582 7
2121 509 2260 589 quia
2286 530 2491 570 omnes

345 603 677 677 peccatores
705 592 1260 676 deprehenduntur.
1306 598 1479 671 Quod
1507 600 1892 659 confirmatur
1932 623 2002 665 ex
2038 603 2232 663 verbis
2272 600 2336 686 ἐφ’
2356 603 2401 684 ᾦ
2422 627 2493 663 exc

342 712 459 770 quo
490 735 505 765 7
545 689 758 772 quibus
792 690 980 749 utitur
1010 691 1328 771 Apostolus
1359 740 1374 769 7
1418 715 1546 775 quae
1579 699 1750 773 juxta
1780 697 2088 757 Erasmum
2116 711 2175 758 et
2203 700 2493 759 Clericum

341 788 503 846 idem
542 797 758 845 sonant
788 807 853 845 ac
898 797 1201 866 quatenus
1214 832 1236 860 ,
1276 794 1464 869 (μυῖα,
1509 812 1568 854 eo
1611 792 1773 870 quod
1805 813 2009 851 omnes
2059 808 2486 874 peccaverunt7

343 904 445 942 seu
481 903 721 965 peccare
755 880 950 942 solent
970 929 985 958 7
1017 881 1266 966 ideoque
1300 897 1360 945 et
1390 906 1598 966 poenas
1627 886 1791 947 luere
1814 934 1830 962 7
1865 887 2025 969 quod
2051 890 2491 970 pariter—osten-

342 979 559 1040 derunt
582 979 939 1039 Wetstenius
962 1025 978 1055 7
1011 980 1262 1040 Varinus
1285 981 1349 1041 in
1365 980 1525 1040 hunc
1554 981 1669 1042 loe.
1705 994 1764 1043 et
1779 985 1814 1042 J
1819 982 2032 1043 acobus
2055 986 2351 1045 Vernetus
2371 987 2482 1069 (1)

347 1077 517 1156 Ergo,

429 1171 570 1229 414.
621 1173 796 1254 Resp.
827 1170 905 1229 ad
946 1172 1050 1246 lm7
1091 1171 1242 1252 Neq.
1281 1173 1430 1232 Nam
1476 1173 1576 1255 qui
1614 1174 1840 1256 primus
1875 1186 2250 1257 peccatorum
2281 1196 2493 1256 agmen

343 1267 505 1327 ducit
537 1268 693 1327 inter
724 1266 970 1346 Angelos
999 1278 1088 1326 est
1117 1266 1384 1327 diabolus
1422 1291 1525 1329 seu
1567 1281 1799 1328 satanas
1823 1316 1839 1345 7
1885 1272 2043 1331 inter
2089 1272 2361 1332 homines
2401 1284 2491 1332 est

343 1365 509 1425 Heva
542 1390 558 1438 ς
611 1363 849 1422 aliunde
913 1385 1054 1424 vero
1101 1363 1413 1445 Apostolus
1464 1365 1730 1447 loquitur
1786 1364 1859 1426 de
1916 1388 1986 1426 eo
2044 1379 2284 1450 peccato
2314 1414 2330 1445 7
2384 1390 2491 1450 per

341 1460 501 1543 quod
533 1471 866 1542 peccatores
908 1463 1224 1518 constituti
1248 1472 1395 1518 sunt
1426 1460 1636 1536 multi7
1672 1462 1823 1520 sicut
1856 1468 2318 1522 constituuntur·
2346 1470 2495 1542 justi

340 1556 517 1617 multi
541 1556 605 1614 in
645 1554 877 1614 Christo
897 1600 914 1630 7
945 1553 1198 1638 ideoque
1226 1577 1349 1614 non
1372 1577 1479 1638 per
1516 1556 1705 1616 solam
1737 1557 2160 1619 imitationem.
2206 1560 2490 1643 Loquitur

339 1787 680 1846 comparatus,
717 1787 772 1827 ut
799 1777 1044 1845 cupiditas
1069 1776 1218 1844 facile
1238 1795 1371 1844 prcc-

331 1863 610 1929 ponderare
619 1869 779 1928 posset
791 1861 827 1924 )7
850 1871 894 1910 et
915 1878 1079 1909 revera
1099 1860 1265 1927 lapsus
1281 1869 1368 1909 est.

345 1946 529 1994 Omnes
553 1948 661 2012 ejus
675 1947 864 2011 posteri
891 1953 1007 1992 sunt
1031 1943 1246 2010 ejusdem
1278 1960 1369 1992 na-

338 2038 462 2078 turae
480 2066 493 2086 7
518 2029 738 2092 infirmi,
764 2027 988 2076 laborant
1004 2026 1371 2092 imperfectione

338 2110 530 2159 morali.
547 2110 664 2159 Non
679 2112 865 2158 mirum
887 2111 1046 2174 iqitur
1054 2145 1071 2170 7
1092 2125 1258 2157 omnes
1278 2125 1371 2157 va-

339 2196 434 2243 riis
457 2193 614 2242 modis
621 2210 847 2259 peccasse
866 2231 879 2251 7
896 2201 943 2241 et
959 2191 1120 2240 adhuc
1133 2209 1336 2258 peccare
1353 2229 1368 2256 7

340 2278 493 2326 Joan.
537 2294 592 2324 ιη
617 2314 630 2337 7
677 2274 730 2325 6.
783 2275 1034 2342 Quomodo
1081 2285 1242 2324 autem
1276 2292 1372 2340 per

336 2360 592 2409 Adamum
632 2367 889 2426 peccatum
932 2360 1174 2406 invaserit
1216 2374 1370 2423 qenus

337 2442 610 2492 humanum
628 2481 641 2502 7
672 2459 741 2490 an
765 2458 860 2507 per
891 2440 1156 2506 neqlectam
1187 2440 1370 2489 educa·

318 2528 549 2586 tionem,
584 2524 661 2573 vel
692 2524 825 2572 mala
859 2522 1077 2591 eoeempla
1097 2562 1111 2586 7
1144 2523 1231 2572 hoc
1271 2540 1369 2571 non

339 2608 620 2676 explicatur
645 2607 707 2656 ab
734 2605 990 2673 Apostolo-

407 2694 469 2757 (Ι)
506 2689 655 2758 Ἐφ’ᾆῖ
672 2690 923 2758 particula
951 2689 1193 2754 causalis,
1219 2693 1374 2757 inquit

335 2776 490 2837 idem,
508 2774 809 2824 tantumdem
833 2773 960 2822 valet
983 2790 1042 2822 ac
1066 2771 1213 2831 διέντι,
1237 2777 1369 2841 quia,

334 2876 391 2907 eo
409 2858 558 2924 quod,
576 2857 981 2924 quandoquidem,
1001 2865 1105 2906 utu
1124 2856 1237 2906 Cor.
1256 2875 1302 2915 v,
1322 2855 1372 2921 4,

335 2939 533 3007 Philip.
572 2957 620 2989 lv
651 2977 666 3001 7
715 2958 791 2988 xo.
840 2938 1006 2988 Multa
1043 2937 1147 2988 loca
1185 2938 1373 3004 colleqit

342 3021 657 3072 IWetstenius
677 3022 743 3070 ad
762 3021 892 3070 hunc
913 3006 1002 3070 loc.
1034 3020 1248 3069 Thomas
1269 3039 1375 3069 ma-

326 3107 481 3170 qister
499 3123 513 3154 ε
534 3108 630 3167 Ἐφ’
644 3103 693 3172 ᾇ,
713 3104 813 3155 ἀντὶ
831 3114 911 3155 τοῦ
929 3103 1079 3154 baira.
1102 3103 1163 3152 V
1156 3107 1332 3153 arinus
1349 3123 1364 3154 ε

329 3190 431 3254 Ἐφ’
451 3186 499 3254 ᾇ,
515 3186 616 3238 ἀντὶ
643 3196 726 3238 roz?
742 3187 872 3238 ἔιᾶτι
894 3186 1112 3248 λίγουσιν
1138 3185 1361 3237 Ἀττικοί.

337 3273 395 3321 V
389 3271 556 3337 ulqata
569 3271 709 3320 habet
725 3292 741 3318 .·
761 3274 810 3320 in
827 3290 941 3338 quo.
958 3271 1103 3321 Unde
1116 3270 1365 3319 mirabiles

322 3362 441 3403 ortae
476 3362 594 3402 sunt
626 3353 991 3420 disputationes
1006 3375 1025 3411 ;
1054 3355 1200 3419 quasi
1226 3371 1361 3402 mens

328 3435 557 3502 Apostoli
585 3436 763 3501 fuisset
800 3453 813 3484 :
848 3452 938 3484 nos
973 3452 1135 3484 omnes
1172 3437 1229 3484 in
1260 3453 1362 3484 uno

326 3518 528 3567 Adamo
562 3520 839 3586 peccavisse
856 3556 871 3579 7
911 3517 1139 3584 illiusque
1170 3518 1364 3585 culpam

326 3610 546 3650 nostram
564 3602 752 3667 factam
773 3619 893 3652 esse.
917 3602 1014 3651 Sed
1035 3604 1095 3650 in
1116 3601 1362 3651 latinitate

323 3685 494 3732 minus
520 3684 762 3750 eleqanter
789 3688 840 3735 in
867 3703 961 3752 quo
989 3679 1245 3750 (neutrius
1269 3703 1353 3750 qe-

1451 1779 1618 1842 neris)
1662 1796 1787 1844 soepe
1826 1781 2042 1827 sumitur
2088 1796 2182 1846 pro
2230 1797 2285 1828 eo
2327 1783 2454 1847 quod
2474 1821 2487 1843 7

1451 1864 1561 1928 quia
1582 1899 1594 1922 7
1619 1861 1750 1909 unde
1778 1863 1889 1928 ipsa
1918 1860 2116 1926 vulqata
2143 1863 2300 1911 versio
2323 1901 2336 1924 7
2364 1863 2435 1926 ἐφ’
2451 1851 2493 1930 φτ

1450 1961 1592 1992 nunc
1627 1944 1786 1992 reddit
1819 1948 1871 1993 in
1906 1963 2032 2011 quo,
2067 1942 2205 1995 Phil.
2253 1962 2345 2006 1117
2394 1964 2487 2009 12,

1450 2044 1583 2075 nunc
1622 2030 1742 2076 sicut
1762 2065 1775 2087 7
1811 2026 2011 2093 Philip.
2053 2044 2099 2076 lv
2122 2066 2136 2088 7
2194 2044 2273 2077 10.
2317 2029 2491 2079 Multa

1454 2111 1642 2174 eqreqie
1661 2109 1718 2157 de
1736 2108 1821 2157 hoc
1839 2109 1937 2158 loco
1954 2112 2148 2158 monuit
2161 2109 2202 2156 J
2203 2110 2379 2159 acobus
2398 2111 2455 2158 V
2450 2130 2494 2161 e-

1455 2194 1636 2255 netus(
1656 2195 1714 2239 in
1734 2191 1916 2240 selectis
1938 2210 2102 2259 opusc.
2125 2190 2305 2243 Genev.
2333 2212 2350 2243 1
2363 2192 2487 2260 7847

1442 2293 1565 2341 paq.
1606 2272 1704 2323 268
1737 2284 1783 2323 et
1808 2277 1939 2340 seq.)
1972 2284 2111 2324 caute
2140 2284 2302 2324 tamen
2334 2276 2491 2342 leyen-

1450 2354 1707 2421 dus.‘'Hpoae
1721 2381 1816 2424 prov
1835 2375 2024 2423 peccare
2040 2344 2213 2420 solent7'
2230 2345 2287 2406 ut
2300 2360 2355 2407 in
2372 2360 2490 2408 aliis

1443 2440 1688 2506 plerisque
1708 2440 1826 2489 locis
1846 2441 1994 2507 huj-us
2012 2440 2238 2506 epistoloe.
2263 2441 2485 2490 Ceterum

1451 2523 1569 2571 bene
1595 2526 1786 2572 monuit
1813 2523 2060 2571 Erasmus
2084 2523 2150 2571 ad
2175 2542 2223 2572 v.
2264 2540 2323 2590 19
2340 2560 2354 2583 7
2385 2539 2485 2571 non

1451 2606 1509 2654 de
1537 2607 1798 2655 infantibus
1814 2643 1831 2669 7
1848 2607 1934 2655 sed
1949 2606 2008 2654 de
2021 2606 2190 2654 adultis
2203 2642 2218 2664 7
2241 2606 2368 2653 utin
2388 2613 2486 2654 tota

1452 2689 1685 2756 epistola,
1710 2692 1781 2739 ita
1802 2699 1847 2738 et
1863 2690 1951 2738 hoc
1971 2689 2069 2737 Ioco
2088 2687 2310 2736 Paulum
2331 2687 2480 2753 loqui.

1454 2773 1528 2821 Ex
1565 2774 1638 2821 his
1665 2773 2062 2839 deprehendimus
2092 2788 2106 2819 ε
2146 2779 2194 2818 1⁰
2219 2769 2342 2835 Quot
2377 2789 2484 2836 pro-

1452 2874 1634 2922 gressus
1661 2856 2011 2904 rationalismus
2035 2856 2156 2902 inter
2174 2852 2484 2904 Protestantes

1452 2939 1614 2988 fecerit
1635 2956 1650 3002 3
1695 2947 1749 2986 2⁰
1793 2955 1937 3004 quam
1981 2937 2263 2985 desciverint
2301 2936 2482 2986 Protes-

1451 3031 1602 3070 tantes
1623 3019 1839 3070 hodierni
1858 3038 1884 3068 a
1905 3036 2097 3068 suorum
2119 3022 2352 3086 maJ'orum
2369 3019 2481 3083 (hae-

1454 3104 1799 3152 resiarcharum
1823 3120 1994 3167 nempe
2014 3139 2026 3161 ‚
2052 3105 2134 3167 qui
2157 3119 2395 3151 sacrorum
2413 3104 2480 3150 in·

1449 3197 1725 3235 stauratores
1743 3203 1840 3234 sese
1860 3184 2197 3249 praedicabant)
2220 3184 2445 3232 institutis
2457 3220 2474 3246 ,

1448 3271 1529 3335 qui
1545 3279 1620 3331 ‚ut
1633 3268 1899 3317 videbimus
1915 3278 2065 3315 totum
2080 3267 2321 3316 hominem
2338 3268 2475 3315 etiam

1447 3352 1602 3418 quoad
1638 3351 1902 3400 essentialia
1938 3368 2019 3415 per
2054 3360 2298 3415 peccatum
2335 3351 2476 3414 origi-

1445 3435 1551 3483 nale
1579 3436 1884 3482 immutatum
1914 3433 2207 3496 docuerunt;
2240 3432 2293 3481 3⁰
2321 3448 2476 3498 quan-

1444 3526 1548 3566 tum
1576 3534 1682 3566 vero
1714 3516 1788 3564 hae
1824 3517 1993 3565 distent
2022 3516 2419 3580 interpretationes
2449 3531 2474 3562 a

1444 3599 1576 3651 Pauli
1608 3609 1765 3648 mente
1813 3609 1857 3647 et.
1893 3616 2031 3664 scopo
2054 3634 2068 3657 7
2108 3607 2212 3646 tum
2259 3614 2314 3646 ex
2341 3593 2475 3645 dictis

1445 3695 1545 3733 tum
1576 3700 1634 3733 ex
1662 3682 1875 3731 dicendis
1908 3681 2105 3747 patebit.
