2580 4152
461 147 582 209 384
1117 169 1313 214 macr.
1363 169 1432 204 nn
1474 169 1580 205 nno
1622 170 1935 209 cannonis.

546 311 687 372 852.
736 313 936 384 Quum
977 328 1118 370 vero
1154 306 1458 367 Sadducaei
1481 305 1555 367 ab
1585 329 1675 380 ea,
1702 331 1827 370 non
1849 333 2011 373 secus
2044 335 2109 373 ac
2136 336 2167 374 a
2194 314 2309 377 fide
2350 316 2423 378 de
2456 319 2580 380 ani·-

461 428 698 469 morum
713 403 1157 465 immortalitate
1187 404 1560 463 recessissent
1588 449 1604 479 ,
1641 405 1904 466 Christus
1938 453 1953 483 ,
1999 410 2209 470 Matth.
2254 414 2431 490 XXII,
2480 414 2580 489 31,

462 505 602 587 ipsis
636 514 955 582 utrumque
981 499 1191 579 dogma
1222 500 1595 560 confirmavit
1623 499 1738 559 illis
1765 500 1992 561 verbis:
2032 507 2121 564 De
2160 515 2580 570 resurrectione

462 610 668 665 aretem
703 608 1086 657 mortuorum
1118 618 1236 663 non
1262 598 1485 676 quistis
1499 639 1519 667 ,
1545 597 1708 675 quod
1730 598 1962 656 dictum
1984 611 2067 658 est
2095 624 2136 660 a
2172 605 2325 679 Deo,
2361 606 2580 664 dicente

460 696 626 755 vohis
654 717 668 752 z
709 694 839 774 qu
874 715 1011 752 sum
1038 695 1207 753 Deus
1232 692 1552 751 Abraham
1582 702 1639 750 et
1660 694 1827 752 Deus
1858 694 2038 754 Isaac
2071 707 2125 755 et
2150 700 2313 759 Deus
2353 703 2404 761 J
2404 699 2580 760 acob?

465 790 651 849 Infert
682 801 881 848 autem
909 782 1050 848 Luc.
1066 789 1196 861 XX,
1220 785 1301 846 38
1329 813 1345 845 .·
1371 787 1443 847 N
1439 809 1514 845 ou
1537 798 1623 846 est
1647 790 1813 848 Deus
1838 802 2218 852 mortuorum
2251 797 2354 854 sed
2375 803 2580 856 viven-

464 891 660 958 tium,
700 907 899 944 omnes
923 888 1087 943 enim
1114 886 1329 942 vivunt
1354 888 1430 941 ei.
1454 883 1606 942 Hinc
1634 884 1971 966 Apostolus,
2008 889 2031 946 Ι
2057 889 2188 947 Cor.
2212 891 2337 966 XV,
2362 892 2461 968 16,
2479 892 2580 953 col-

465 980 606 1063 legit
626 980 1114 1041 resurrectionem
1129 977 1464 1059 generalem
1490 1000 1564 1038 ex
1588 981 2014 1042 resurrectione
2035 983 2272 1059 Christi,
2293 977 2580 1047 scrihens:

464 1079 637 1140 Nam
665 1083 724 1137 si
736 1081 970 1136 mortui
979 1098 1099 1136 non
1113 1085 1442 1155 resurqunt
1454 1117 1478 1147 ,
1505 1096 1693 1155 neque
1723 1076 1999 1137 Christus
2038 1087 2386 1142 resurrexit.
2421 1084 2580 1163 Quod

460 1368 753 1437 prehensam
790 1367 949 1431 mayis
978 1375 1023 1415 et
1047 1367 1323 1431 conspectui
1347 1374 1494 1414 totam

467 1451 623 1500 simul
644 1450 911 1515 subjiciat,
943 1448 1110 1497 Deum
1147 1447 1490 1508 immortalem,

469 1534 662 1600 ipsique
693 1548 788 1597 per
831 1547 992 1579 omnes
1041 1529 1295 1578 hominum
1336 1539 1497 1578 oetates

473 1625 763 1680 sequuturae
792 1614 1095 1679 superstitem
1122 1611 1318 1660 collocat
1349 1611 1498 1660 veluti

459 1701 614 1766 juxta
650 1700 778 1761 suas¹
807 1696 1071 1761 reliquias,
1115 1698 1214 1743 sive
1245 1694 1310 1742 ad
1341 1693 1498 1760 sepul-

473 1799 612 1831 crum
631 1819 645 1842 ,
675 1798 768 1846 quo
795 1779 895 1828 illae
922 1778 1182 1828 condendoe
1212 1786 1385 1827 essent.
1417 1777 1502 1826 Ibi

475 1866 633 1929 iqitur
665 1864 813 1928 finqit
850 1871 977 1911 stare
1023 1860 1221 1922 Deum,
1276 1862 1364 1925 qui
1400 1877 1500 1908 non

475 1956 666 1996 tantum
682 1948 845 1994 stricto
865 1944 1027 2010 qladio
1045 1951 1290 1992 mortuum
1310 1961 1358 1991 se
1387 1960 1499 1991 cus-

475 2030 657 2086 todiat,
688 2045 781 2094 quo
813 2027 1038 2094 defendat
1066 2026 1126 2075 ab
1157 2025 1367 2074 aliorum
1386 2041 1499 2073 con-

477 2120 658 2178 temptu
688 2128 746 2159 ac
783 2111 1023 2177 vituperio
1042 2144 1084 2159 ..
1105 2146 1115 2157 .
1146 2108 1229 2155 sed
1268 2124 1376 2156 vero
1413 2109 1500 2172 qui

477 2193 629 2243 simul
643 2196 790 2242 etiam
799 2192 998 2259 pulveri
1025 2207 1111 2239 suo
1141 2188 1500 2255 adoiqiletper-

471 2283 653 2343 petuo,
682 2291 741 2323 ex
771 2291 823 2323 eo
854 2290 1031 2322 novum
1057 2274 1234 2320 iterum
1259 2270 1501 2319 hoininem

472 2358 799 2425 formaturus.
837 2355 997 2404 Enim
1039 2373 1147 2404 vero
1191 2353 1277 2404 hoc
1318 2371 1501 2420 quoque

479 2450 680 2490 noverat
693 2439 864 2500 Jobus,
890 2455 939 2487 se
938 2441 1155 2505 Jamjam
1174 2438 1503 2504 depositurum

481 2539 578 2572 esse
592 2539 766 2589 corpus
781 2521 885 2581 hoc,
905 2521 1010 2569 tabe
1027 2520 1360 2585 vermibusque
1388 2536 1503 2568 con-

480 2614 726 2672 sumptam
736 2641 753 2668 ,
778 2613 919 2671 atque
936 2603 1150 2653 obsoletoe
1165 2605 1308 2652 vestis
1324 2604 1503 2663 instar,

481 2697 742 2738 exuturum
798 2704 941 2736 suam
989 2704 1184 2736 carnem
1203 2724 1217 2749 ,
1268 2695 1505 2751 totamque

483 2772 600 2820 adeo
666 2770 1002 2819 mortalitatem
1061 2786 1202 2818 suam
1252 2785 1506 2834 nunquam

483 2855 639 2903 denuo
666 2853 989 2902 induendam.
1021 2850 1239 2918 Cumque
1258 2869 1317 2900 ea·
1343 2850 1504 2918 sepul-

484 2954 563 2987 cro
579 2937 825 2986 redivivus
841 2936 1142 3002 eqrederetur
1158 2971 1175 2998 ,
1209 2943 1312 2983 tum
1342 2934 1508 2983 Deum

486 3020 585 3068 sibi
609 3022 877 3068 etiamnum
913 3019 1180 3067 adstantem
1210 3019 1407 3066 visurus
1435 3034 1509 3065 es-

483 3113 583 3164 set,
631 3106 721 3168 qui
760 3105 924 3170 ipsum
967 3119 1079 3151 mor
1118 3102 1326 3167 benique
1359 3100 1426 3149 ad
1460 3117 1510 3150 se

487 3187 718 3251 reciperet
739 3223 753 3245 ‚
785 3202 872 3234 nec
910 3185 968 3234 de
988 3186 1212 3252 pristina
1254 3185 1312 3233 in
1344 3186 1510 3251 ipsum

490 3269 758 3318 inimicitia
788 3268 1053 3333 quidquam
1083 3276 1334 3317 servasset.

560 3360 614 3399 2⁰
638 3351 707 3399 Ex
736 3361 957 3405 contextu
974 3362 1119 3416 patet,
1138 3353 1365 3400 eximium
1393 3349 1509 3417 quid

491 3445 538 3485 et
570 3432 805 3500 singulare
836 3451 962 3495 esse,
993 3434 1120 3500 quod
1148 3435 1227 3482 hic
1246 3432 1339 3483 Job
1367 3434 1512 3498 proii-

492 3527 615 3567 tetur
632 3555 646 3579 ,
676 3527 729 3566 ut
746 3519 918 3566 evincit
935 3515 1203 3565 solemnitas
1218 3516 1342 3564 illius
1362 3534 1513 3581 prooe-

494 3601 599 3658 mii,
618 3617 712 3666 quo
730 3600 947 3665 praefatur
966 3637 980 3660 ‚
1003 3608 1183 3665 optans,
1207 3605 1261 3645 ut
1274 3615 1513 3647 sermones

493 3681 552 3734 hi
575 3684 658 3731 sui
686 3682 1009 3732 scriberentur
1038 3690 1083 3731 et
1105 3679 1438 3748 scalperentur
1456 3683 1516 3731 in.

378 1227 394 1240 ,
466 1179 526 1234 si
557 1174 834 1235 Christus
863 1194 986 1233 nou
1022 1174 1395 1243 resurrexit,
1438 1192 1602 1230 vana
1634 1182 1718 1231 est
1743 1174 1888 1252 fides
1923 1186 2182 1236 vestra...
2226 1199 2359 1259 erqo
2403 1190 2458 1237 et
2483 1201 2580 1259 qua

1576 1365 1700 1414 libro
1719 1403 1732 1430 ,
1764 1375 1809 1415 et
1833 1367 1943 1417 stilo
1963 1369 2119 1434 ferreo
2151 1371 2209 1418 iu
2235 1371 2455 1419 omnium
2485 1380 2580 1421 oeta

1577 1455 1678 1496 tum
1695 1452 1977 1498 memoriam
2005 1453 2064 1499 in
2093 1468 2211 1517 rupe
2239 1452 2580 1503 inciderentur⁴

1578 1530 1823 1580 Restitutio
1865 1544 2022 1581 autem
2062 1534 2259 1582 fortunae
2299 1544 2344 1583 et
2388 1539 2580 1586 sanitati}

1579 1615 1695 1662 tanti
1733 1614 1937 1679 profecto
1978 1619 2203 1665 momenti
2240 1635 2338 1666 non
2369 1629 2496 1677 erat,
2542 1638 2580 1668 u·

1579 1704 1673 1743 tam
1708 1696 1904 1745 solemni
1931 1701 2109 1749 ratione
2133 1702 2406 1748 memoriam
2424 1704 2522 1768 ejus
2535 1703 2580 1750 ac'

1579 1789 1780 1843 posteros
1804 1784 2112 1830 transmittere
2139 1791 2330 1847 optaret.

1651 1859 1705 1907 3⁰
1734 1860 1870 1926 Quod
1910 1862 2168 1927 plurimum
2201 1866 2428 1913 momenti
2467 1864 2580 1914 addis

1580 1942 1698 1991 illud
1728 1953 1824 2005 est,
1855 1944 2030 1993 Jobum
2061 1955 2156 1994 tam
2179 1945 2356 2011 longea
2389 1964 2468 2011 spe
2499 1947 2580 1995 for-

1580 2033 1705 2073 tunae
1727 2028 2028 2093 sanitatisque
2045 2029 2338 2077 restituendae
2360 2028 2580 2090 abfuisse,

1581 2117 1633 2156 ut
1649 2110 1798 2172 potius
1817 2119 2013 2157 mortem
2029 2127 2055 2158 a
2070 2127 2117 2159 se
2134 2110 2429 2159 vehementer
2450 2128 2580 2176 exop-

1581 2199 1725 2239 tatam
1754 2194 2004 2240 certissime
2033 2195 2373 2257 expectaverit‚
2407 2203 2451 2242 et
2479 2194 2579 2241 nihi

1582 2290 1767 2338 prorsus
1796 2274 2042 2335 habuerit,
2075 2275 2202 2341 quod
2232 2278 2283 2323 in
2309 2275 2432 2323 banc
2454 2277 2580 2323 vitan

1583 2365 1806 2421 speraret.
1844 2356 1897 2404 Id
1949 2357 2073 2423 quod
2121 2357 2333 2423 pluribus
2372 2358 2580 2424 clarisqun

1585 2455 1853 2487 sermonum
1894 2456 2086 2488 suorum
2118 2438 2233 2488 locis
2261 2442 2432 2489 evincit
2459 2440 2508 2489 J.
2542 2439 2578 2488 Δ

1584 2519 1917 2586 Voigtlaender
1945 2526 1997 2570 in
2032 2518 2235 2587 Isaqoqe
2271 2522 2336 2578 ad
2366 2524 2580 2588 interpre-

1585 2605 1813 2652 tationem
1843 2604 1991 2666 Jobi,
2020 2621 2120 2670 cap.
2156 2621 2242 2671 19,
2266 2605 2444 2668 23·27‚
2462 2604 2580 2652 Dres

1586 2686 1657 2734 dae
1672 2722 1690 2748 ,
1730 2684 1888 2754 18093
1918 2706 2061 2753 quam
2090 2699 2245 2736 secuta
2275 2696 2343 2736 est
2366 2688 2576 2752 interpre

1586 2770 1704 2816 tatio
1743 2771 1841 2834 ipsa
1881 2770 2021 2836 hujus
2059 2770 2180 2831 loci,
2209 2769 2277 2819 ib.
2317 2768 2460 2818 1810.
2500 2768 2580 2817 Cfr

1586 2851 1698 2901 Job.
1722 2869 1776 2900 ur
1795 2890 1808 2912 ‚
1832 2849 2016 2917 20-263
2037 2870 2111 2914 v1,
2130 2851 2253 2902 8-12
2272 2870 2286 2916 3
2306 2870 2402 2913 vn,
2428 2850 2573 2900 13-16

1589 2951 1670 2996 ix,
1705 2950 1802 2996 213
1837 2952 1946 2997 xm,
1983 2933 2237 2999 153xv11,
2285 2936 2342 2984 13
2371 2946 2416 2984 et
2445 2953 2576 3001 seqq.

1589 3035 1699 3078 xxr,
1745 3015 1847 3081 253
1889 3034 2017 3078 xxx,
2055 3018 2139 3066 23.
2172 3017 2278 3066 Jam
2318 3035 2423 3067 vero
2455 3034 2580 3083 quun

1589 3099 1680 3149 hoc
1711 3101 1770 3150 de
1797 3101 1982 3150 vindice
2014 3099 2253 3149 oraculum
2289 3117 2416 3165 spem
2447 3100 2580 3148 certis

1591 3185 1758 3232 simam
1802 3193 1847 3232 et
1878 3185 2204 3232 inconcussam
2246 3181 2470 3231 fiduciam
2510 3197 2580 3247 pre

1592 3283 1642 3315 se
1676 3266 1825 3326 ferat,
1850 3265 1960 3314 inde
1984 3267 2050 3314 sic
2088 3267 2326 3331 arguimus
2368 3282 2383 3313 τ
2419 3264 2577 3331 quand

1591 3349 1682 3399 Job
1712 3366 2022 3398 aerumnarum
2051 3350 2191 3398 finem
2226 3359 2269 3397 et
2309 3351 2519 3414 requiem
2558 3349 2580 3393 i:

1594 3433 1667 3482 his
1680 3433 1810 3481 terris
1823 3449 1919 3479 non
1936 3434 2190 3497 expectavit
2209 3469 2222 3491 ‚
2241 3441 2287 3479 et
2303 3430 2580 3480 nihilominu

1595 3532 1724 3580 spem
1763 3514 2046 3562 omnimodae
2085 3514 2372 3563 liberationis
2415 3511 2580 3560 vindici

1596 3615 1675 3647 seu
1689 3593 1859 3664 judicis
1885 3598 1955 3644 sui
1981 3614 2068 3662 ope
2085 3596 2198 3646 fovit
2215 3593 2484 3655 indubiam3
2500 3608 2580 3640 eun

1597 3689 1776 3747 oportet
1806 3680 1864 3729 de
1901 3689 2094 3729 venturo
2130 3678 2331 3747 judicio,
2364 3691 2580 3742 corporum
