2580 4152
275 238 312 299 8
780 246 782 248 ’
931 262 1128 300 naor.
1177 263 1246 299 nu
1291 263 1395 300 nuo
1438 263 1741 304 cannonis.

272 404 427 477 mio7
475 403 633 485 quod
674 414 880 463 nactus
923 415 1012 463 est
1051 402 1391 480 Abraham7
1433 427 1619 488 quum
1656 406 1864 487 dignus
1902 420 1990 468 est
2034 407 2268 468 habitus
2298 412 2398 493 qui

273 498 506 578 Angelis
531 498 853 580 hospitium
896 497 1206 580 praeberet.
1247 499 1528 582 Pleraque
1563 524 1669 583 pro
1698 503 2358 586 instituterfpraeterimus
2379 552 2394 582 7

275 592 488 675 quibus
540 593 811 654 violentae
877 594 1307 654 neotericorum
1353 596 1866 677 interpretationes
1887 599 1897 608 ’
1921 588 2163 659 omnino
2226 601 2400 661 refel-

278 688 503 748 luntur.
2380 693 2383 696 ’

285 820 291 824 -
362 784 460 843 14.
498 784 586 844 Ad
613 785 720 858 2⁸¹7
747 784 899 864 Ney.
934 784 991 843 Si
1025 784 1185 844 enim
1216 783 1312 844 vel
1345 784 1419 846 de
1449 787 1668 847 virtute
1705 788 1996 870 (ἐνεργείᾳ)
2040 813 2105 850 ac
2139 791 2402 873 potentia

277 891 337 939 et
375 900 446 938 ex
476 879 635 958 vulgi
670 879 945 960 opinione
986 879 1310 961 loquuntur
1339 881 1524 941 Sacrae
1564 883 1830 957 Litterae7
1868 885 1964 945 vel
2002 888 2178 946 etiam
2215 899 2404 947 meta-

277 974 516 1057 phorice
532 1019 546 1048 7
579 995 712 1032 cum
738 974 987 1054 Angelos
1012 987 1478 1035 commemorant
1498 1022 1514 1051 7
1543 976 1691 1035 nihil
1713 980 1854 1038 certi
1876 981 2125 1061 amplius
2150 983 2210 1040 in
2232 983 2403 1042 sacris

276 1070 486 1129 litteris
517 1081 793 1129 exstaret.
833 1070 1144 1148 Quomodo
1174 1071 1334 1130 enim
1366 1093 1504 1133 vera
1533 1085 1727 1132 essent
1747 1119 1761 1148 7
1790 1095 1918 1155 quae
1942 1075 2204 1135 Christus
2219 1078 2403 1137 citatis

276 1163 472 1228 verbis
518 1165 841 1243 significat?
893 1167 1178 1239 Quaenam
1227 1167 1582 1249 comparatio
1638 1169 1896 1250 Apostoli
1954 1171 2103 1238 foret
2121 1171 2151 1231 ’.7
2196 1174 2406 1233 Nonne

276 1259 518 1319 ridicula
555 1271 732 1335 sunt7
771 1282 901 1342 quae
943 1260 1349 1321 Rosenmuller
1395 1262 1577 1321 tradit
1614 1262 1686 1323 de
1730 1266 2057 1326 tentatione
2095 1266 2309 1326 Christi
2344 1268 2408 1327 in

277 1354 509 1415 deserto
532 1401 547 1430 7
580 1355 723 1414 dum
757 1355 830 1415 ab
857 1356 1098 1416 homine
1123 1359 1158 1416 J
1162 1357 1329 1416 udaeo
1356 1357 1654 1417 Christum
1682 1359 1857 1419 fuisse
1892 1371 2188 1421 tentatum
2227 1362 2368 1422 dicit
2387 1409 2402 1438 7

277 1450 373 1513 vel
415 1473 549 1510 cum
599 1450 883 1511 Gabrielis
912 1451 1236 1514 adventum
1269 1474 1471 1512 amens
1502 1454 1760 1513 insinuat
1796 1455 1968 1515 fuisse
2003 1458 2298 1519 somnium
2319 1503 2334 1533 7
2372 1479 2407 1516 a

275 1549 401 1607 Deo
427 1548 492 1605 Β.
522 1546 746 1626 Virgini
775 1547 1150 1606 immissum?
1176 1549 1317 1621 Quae
1345 1548 1584 1629 quidem
1616 1549 1842 1631 aliaque
1868 1551 2179 1611 innumera
2207 1553 2408 1634 inepta

277 1664 518 1725 prorsus
541 1653 601 1701 et
628 1643 858 1701 inficeta
878 1688 897 1718 7
927 1642 1138 1725 quibus
1170 1654 1396 1703 scatent
1423 1644 1603 1725 ipsius
1637 1644 1876 1721 scholia7
1906 1647 2041 1705 satis
2066 1646 2406 1722 ostendunt7

276 1739 342 1796 in
367 1759 510 1820 quas
539 1738 831 1818 angustias
861 1759 986 1798 sese
1011 1739 1320 1818 conjiciant
1349 1739 1490 1801 novi
1518 1740 1611 1798 isti
1637 1740 1934 1815 doctores7
1960 1753 2029 1801 ut
2057 1742 2411 1822 Angelorum

280 1834 654 1894 existentiam
678 1833 960 1911 rejiciant.
991 1833 1287 1913 Ejusmodi
1323 1845 1523 1896 tamen
1549 1847 1689 1894 sunt
1727 1836 1986 1912 oracula7
2024 1858 2156 1920 quae
2186 1840 2435 1898 Protes·‘

279 1939 473 1989 tantes
499 1928 821 2011 suspiciunt
847 1929 956 2008 (l).

349 2122 423 2188 (1)
461 2121 557 2170 Cfr.
589 2124 729 2170 etiam
763 2121 997 2183 Kuinoel7
1034 2122 1299 2173 Comment.

279 2205 335 2252 in
352 2203 498 2252 libros
526 2203 594 2253 N.
637 2204 703 2253 Τ.
734 2203 985 2269 historicos
1003 2243 1016 2265 7
1044 2208 1094 2253 in
1113 2205 1229 2254 Luc.
1252 2223 1268 2253 1
1286 2243 1299 2265 7

284 2284 349 2335 26
398 2298 443 2336 et
496 2303 575 2353 27.
635 2286 702 2336 Ex
756 2305 849 2353 quo
905 2288 1299 2352 deprehendimus

279 2370 537 2419 nonnullos
577 2370 774 2419 biblicos
814 2374 1066 2421 neotericos
1107 2391 1159 2421 eo
1193 2391 1303 2438 pro-

281 2469 456 2517 gressos
492 2470 617 2513 esse,
652 2463 703 2501 ut
740 2463 883 2502 totam
910 2455 1035 2503 hanc
1060 2455 1303 2504 historiam

281 2534 444 2599 Angeli
468 2532 690 2583 Gabrielis
707 2535 1012 2602 colloquentis
1032 2555 1140 2606 cum
1158 2538 1304 2586 Maria

280 2617 484 2666 referant
528 2617 586 2665 ad
626 2616 844 2682 mythum
878 2617 1267 2685 philosophicum
1288 2657 1301 2679 7

281 2700 360 2748 alii
381 2699 440 2748 ad
467 2698 684 2763 mytlmm
709 2699 1022 2762 historicum,
1054 2719 1151 2750 non
1177 2720 1305 2751 secus

282 2798 338 2830 ae
372 2783 704 2847 apparitionem
731 2782 937 2848 ejusdem
974 2781 1171 2849 Angeli,
1205 2803 1305 2851 quae

283 2863 514 2912 Zachariae
557 2865 607 2910 in
645 2864 819 2929 templo
855 2867 1078 2931 contigit,
1125 2867 1183 2915 de
1212 2885 1305 2932 qua

282 2948 397 2994 item
461 2962 651 2993 suorum
706 2945 1066 2995 Protestantium
1115 2947 1306 2997 biblico-

282 3044 389 3076 rum
431 3028 735 3092 expositiones
775 3027 976 3077 Kuinoel
1014 3030 1117 3078 fuse
1146 3031 1301 3079 refert.

282 3109 458 3158 Mirum
473 3119 540 3158 est
553 3127 695 3175 quam
721 3127 819 3158 sese
835 3113 1044 3159 atrociter
1064 3122 1306 3177 torqueant

287 3178 346 3240 ad
375 3191 712 3240 excludendam
743 3208 897 3240 veram
930 3193 1090 3258 Angeli
1119 3197 1305 3258 appari-

281 3276 473 3323 tionem.
490 3272 546 3322 G.
566 3273 737 3322 Paulus
763 3276 813 3322 in
845 3271 1301 3339 Pln'loloqisch·krit.

282 3354 562 3404 Komment.
599 3373 680 3405 seu
710 3358 760 3404 in
808 3355 1164 3406 Commentario
1193 3357 1304 3423 phi-

282 3437 658 3502 loloyico·oritioo
678 3439 943 3499 contendit,
974 3439 1203 3488 Zachariae
1234 3444 1304 3488 vi-

281 3537 377 3567 sam
395 3519 534 3568 fuisse
549 3523 718 3570 versari
747 3531 852 3569 ante
873 3521 1030 3570 oculos
1050 3515 1304 3587 quamdam

283 3604 407 3667 genii
434 3602 629 3651 coelestie
655 3603 798 3651 veluti
825 3606 1044 3668 speciem3
1064 3622 1171 3653 eum
1192 3606 1304 3653 varii

282 3687 459 3749 generis
498 3701 627 3735 sensa
649 3723 662 3746 7
694 3701 798 3752 quae
824 3685 891 3734 illi
923 3696 1036 3734 tunc
1056 3688 1117 3751 ¹in
1146 3688 1303 3735 animo

284 3765 638 3818 suboriebantur
656 3805 669 3829 7
690 3775 892 3833 putasse
909 3770 1051 3836 ipsius
1068 3770 1194 3834 genii
1219 3786 1305 3819 vo-

1385 2141 1460 2173 ces
1497 2143 1595 2175 esse
1615 2163 1628 2187 7
1676 2127 1726 2174 in
1754 2126 1947 2173 extasin
1972 2135 2159 2192 raptum
2178 2163 2191 2187 7
2231 2143 2285 2175 ae
2318 2126 2407 2175 sibi

1385 2210 1659 2272 imposuisse
1671 2209 1931 2269 silentium,
1952 2226 2004 2257 eo
2020 2208 2147 2275 quod
2163 2208 2265 2274 plus
2281 2210 2406 2275 justo

1385 2292 1505 2338 intra
1548 2308 1595 2338 se
1629 2291 1811 2339 locutus
1843 2301 1992 2350 esset,
2028 2308 2177 2356 usque
2217 2290 2274 2338 ad
2307 2307 2407 2354 par-

1385 2383 1485 2421 tum
1517 2373 1811 2422 Elisabethae.
1847 2371 2075 2422 Gablerus
2111 2376 2163 2420 in
2197 2371 2415 2420 Journal

1377 2455 1468 2520 fiir
1483 2454 1620 2504 theol.
1650 2455 1826 2505 litarat.
1858 2473 1937 2504 seu
1966 2457 2017 2503 in
2046 2453 2306 2521 Ephemer.
2333 2452 2406 2502 lit-

1384 2546 1607 2585 teraturae
1634 2537 1922 2602 theoloqiooe7
1947 2538 2041 2585 vol.
2073 2554 2090 2584 1
2111 2574 2124 2598 7
2160 2555 2264 2602 pag.
2285 2534 2403 2599 403,

1388 2621 1547 2668 eadem
1591 2620 1738 2668 ferme
1785 2622 1963 2668 ratione
2011 2620 2249 2667 historiam
2283 2618 2406 2665 hauc

1387 2712 1528 2751 totam
1560 2711 1758 2751 enarrat.
1786 2702 1930 2751 Juxta
1947 2701 2168 2749 Witsium
2191 2702 2242 2747 in
2268 2700 2408 2747 Mis-

1386 2783 1486 2832 cell.
1519 2801 1617 2833 sac.
1649 2794 1767 2833 tom.
1793 2789 1829 2832 i1
1846 2821 1859 2844 7
1881 2802 1987 2849 pag.
2014 2780 2230 2847 3837per
2244 2781 2404 2830 lusum

1387 2866 1639 2930 phantasiae
1669 2875 1910 2914 commotae
1945 2866 2113 2929 exponi
2146 2863 2286 2912 debet
2313 2863 2401 2912 he-

1386 2948 1602 3012 miplexia
1618 2947 1882 2995 Zachariam
1900 2956 2107 3010 captum,
2132 2947 2212 3011 qui
2229 2945 2401 2994 ideirco

1386 3030 1515 3095 loqui
1556 3047 1652 3077 non
1690 3031 1855 3095 potuit.
1901 3029 2015 3077 Item
2057 3024 2401 3076 Rosenmiiller.

1386 3109 1477 3159 Alii
1495 3111 1686 3160 demum
1705 3112 1907 3176 deposita
1936 3113 2062 3159 larva
2090 3113 2288 3175 ingenue
2311 3120 2405 3158 tra-

1387 3193 1505 3242 dunt
1531 3194 1609 3242 hic
1627 3212 1650 3242 a
1673 3192 1799 3242 Luca
1821 3193 2025 3241 fabulam
2045 3194 2261 3241 enarrari.
2292 3191 2403 3257 Quis

1386 3293 1483 3324 non
1524 3278 1741 3341 suspiciat
1782 3276 1939 3324 doctos
1982 3275 2120 3323 hosce
2157 3273 2403 3322 Sacrarum

1387 3358 1660 3406 Litterarum
1674 3360 1939 3422 interpretes
1954 3361 1977 3404 ‘?
1994 3359 2237 3421 praesertim
2254 3371 2400 3421 quum

1386 3442 1596 3504 ignorare
1622 3442 1707 3505 ipsi
1730 3442 1923 3488 omnino
1946 3439 2215 3499 videantur,
2237 3437 2400 3486 deliras

1387 3540 1503 3570 anus
1537 3523 1595 3572 de
1630 3522 1984 3571 sublimioribus
2029 3520 2255 3589 ejusmodi
2289 3518 2399 3567 doc-

1388 3607 1519 3653 trinis
1549 3607 1803 3670 sapientius
1836 3605 2066 3670 disputare
2086 3640 2100 3665 7
2147 3605 2186 3652 si
2222 3602 2396 3660 velint,

1387 3687 1522 3736 facile
1556 3703 1705 3752 posse.
