2580 4152
552 338 711 372 PART.
761 337 801 371 1.
850 335 971 371 cu».
1021 334 1109 370 111.
1157 334 1226 371 DE
1272 332 1604 370 mentorum
1648 332 1898 370 ormcus.
2200 309 2282 368 23⁴

112 483 130 499 ⁶
192 500 334 540 suas
354 523 369 551 7
388 488 442 535 et
459 477 863 535 adoraverunt
883 474 1102 546 Deum7
1129 473 1381 532 dicentes
1411 495 1428 531 ι
1460 493 1659 546 amen7
1692 481 1802 531 etc.
1837 469 2097 542 Alterum
2125 469 2284 551 ipso—

190 596 324 633 rum
345 570 595 630 officium
625 580 712 628 est
754 568 858 627 Dei
889 567 1063 646 jussis
1090 565 1491 648 obtemperare
1521 612 1536 642 7
1570 568 1631 624 in
1661 566 1728 625 iis
1751 565 2073 647 praesertim
2097 611 2113 638 7
2150 585 2282 646 quoe

191 676 456 750 spectant
479 664 555 723 ad
587 663 893 722 hominum
925 661 1173 720 salutem
1188 705 1212 733 ,
1243 661 1527 743 siquidem
1568 682 1765 720 omnes
1797 671 1944 720 sunt
1977 659 2282 719 adminis—

190 764 435 820 tratorii
456 764 707 839 spiritus
738 762 807 815 in
835 761 1244 815 ministerium
1267 760 1441 830 missi
1459 766 1710 835 propter
1742 777 1832 814 eos
1847 797 1869 827 ,
1891 759 2001 834 qui
2023 755 2280 813 hoeredi—

191 867 368 914 tatem
402 859 659 932 capiunt
686 854 926 924 salutis7
963 862 1029 908 ut
1063 850 1320 932 loquitur
1347 850 1653 932 Apostolus
1685 849 1897 929 (Hebr.
1928 851 1977 923 Ι,
2013 849 2158 930 14).
2199 849 2283 908 Ex

191 971 305 1030 quo
332 959 494 1030 patet
516 968 688 1026 regna
707 990 726 1017 ,
750 946 1072 1027 provincias
1091 990 1107 1018 7
1137 946 1398 1024 regiones
1418 989 1435 1018 7
1464 944 1728 1004 homines
1757 943 2008 1025 denique
2026 942 2281 1022 singulos

189 1043 539 1122 Angelorum
576 1040 772 1099 tutelae
808 1040 1091 1098 committi
1111 1083 1127 1111 7
1157 1037 1312 1118 quod
1336 1037 1510 1117 paulo
1534 1049 1669 1117 post
1693 1037 2084 1096 ostendemus,
2117 1038 2281 1095 Non-

190 1137 338 1197 nulli
375 1139 570 1195 Patres
595 1180 610 1208 7
655 1146 721 1192 ut
755 1136 1027 1205 Hermas7
1073 1130 1401 1190 Methodius
1421 1175 1437 1205 7
1480 1131 1756 1210 Origenes
1781 1175 1797 1204 7
1851 1131 2243 1210 Athenagoras
2265 1176 2280 1205 7

191 1229 544 1312 Epiphanius
563 1274 579 1301 7
622 1226 1013 1285 Theodoretus
1034 1269 1050 1299 7
1087 1246 1209 1282 non
1239 1223 1428 1283 solum
1457 1222 1791 1283 hominihus
1811 1268 1827 1298 7
1865 1223 1967 1282 sed
1992 1236 2052 1283 et
2085 1223 2283 1283 hestiis

188 1325 324 1406 ipsis
352 1335 410 1382 et
451 1321 664 1403 plantis
689 1366 705 1394 7
742 1319 1029 1401 rebusque
1068 1320 1188 1378 fere
1230 1317 1499 1377 omnihus
1534 1318 1780 1398 Angelos
1820 1318 2120 1401 praefectos
2162 1339 2285 1378 esse

188 1417 406 1498 opinati
432 1426 569 1475 sunt
593 1416 702 1494 (l).
739 1417 922 1488 Quam
956 1413 1194 1495 quidem
1217 1414 1559 1496 opinionem
1584 1434 1888 1495 nunquam
1912 1412 2156 1472 Ecclesia
2180 1433 2282 1471 sua

187 1512 526 1571 auctoritate
565 1508 881 1591 probavit3
928 1508 1228 1589 antiquata
1270 1508 1516 1590 proinde
1561 1519 1668 1568 est.
1715 1510 1990 1567 Attamen
2028 1509 2284 1566 Joannes

189 1605 438 1666 Badinus
475 1605 592 1685 (2)7
626 1616 685 1663 et
719 1606 793 1663 Le
822 1605 1028 1663 Maitre
1056 1603 1141 1684 (3)
1165 1648 1180 1677 7
1210 1614 1453 1684 uterque
1486 1602 1798 1663 Calvinista
1819 1649 1834 1677 7
1871 1602 2023 1661 hanc
2049 1613 2288 1660 senten-

186 1701 327 1758 tiam
352 1701 673 1758 instaurare
704 1699 895 1757 conati
932 1709 1088 1756 sunt.
1120 1700 1227 1756 Eos
1260 1720 1365 1756 nos
1390 1697 1740 1757 dimittimus
1760 1743 1776 1772 7
1806 1708 1866 1757 et
1896 1696 2172 1758 adversus
2197 1717 2288 1754 eo-

185 1817 318 1854 rum
351 1795 689 1873 magistrum
721 1792 1030 1853 Calvinum
1065 1792 1274 1872 dogma
1307 1792 1655 1851 catholicum
1687 1812 2056 1875 propugnare
2090 1810 2283 1870 aggre-

185 1889 380 1948 dimur
419 1889 494 1948 de
544 1888 892 1967 Angelorum
935 1886 1139 1946 tutela.
1193 1887 1311 1946 Etsi
1356 1887 1514 1946 enim
1558 1886 1652 1945 hic
1697 1885 1995 1946 interdum
2045 1885 2289 1943 fateatur

185 1983 436 2063 Angelos
469 1982 669 2063 vigiles
702 2004 822 2042 esse
852 1983 913 2040 in
937 1981 1244 2040 hominum
1285 1980 1531 2040 salutem
1543 2025 1567 2052 ,
1604 2002 1669 2051 ac
1719 1979 1985 2040 dubitare
2024 1989 2289 2037 tantum-

185 2077 358 2137 modo
384 2076 672 2152 videatur,
701 2098 846 2135 num
875 2075 1111 2155 singulis
1141 2075 1477 2134 hominibus
1502 2075 1713 2153 singuli
1756 2075 1958 2155 Angeli
1997 2075 2289 2155 deputen-

184 2183 315 2247 tur7
361 2183 621 2231 attamen
660 2171 762 2230 ubi
793 2170 992 2231 scribit
1023 2173 1086 2229 in
1125 2172 1219 2229 Ps.
1269 2172 1406 2242 XC,
1444 2191 1618 2229 omne
1663 2169 1905 2228 dubium
1946 2168 2247 2227 excutiens
2269 2211 2285 2240 7

184 2267 543 2327 confidenter
581 2267 925 2349 pronunciat
962 2289 976 2323 ε
1018 2267 1270 2325 Falsum
1300 2277 1383 2324 est
1420 2267 1582 2324 illud
1629 2275 2027 2323 commentum
2043 2307 2065 2334 ,
2109 2283 2287 2320 suum

185 2367 398 2440 cuique
420 2365 790 2443 singularem
833 2362 1129 2442 Anyelum
1174 2382 1321 2433 essem
1360 2372 1420 2420 et
1451 2371 1667 2419 satanae
1710 2370 1873 2433 astu,
1913 2370 1979 2415 ut
2016 2356 2286 2415 fiduciam

188 2466 446 2515 nostram
496 2458 558 2515 in
604 2457 899 2516 Christum
937 2455 1318 2516 mediatorem
1361 2456 1590 2513 minuat
1623 2501 1638 2530 7
1693 2453 1839 2513 illud.
1887 2463 2175 2533 punctum
2226 2451 2287 2507 in

189 2551 495 2610 Ecclesiam
513 2552 809 2612 invectum
823 2552 1041 2611 asserit.
1069 2550 1459 2610 Rationalistae
1483 2550 1591 2610 aevi
1606 2548 1922 2608 incultioris
1952 2567 2016 2605 ac
2042 2545 2287 2605 rudioris

108 2683 118 2694 ·
189 2645 419 2725 ingenio
457 2645 608 2704 hanc
644 2645 966 2705 doctrinam
987 2645 1323 2705 adscribunt
1352 2645 1459 2725 (4).
1490 2643 1780 2705 Adversus
1807 2663 1950 2723 quos
1972 2643 2047 2700 sit

1024 2833 1444 2886 PROPOSITIO.

253 2977 484 3057 Doqma
520 2978 878 3035 catholicum
926 2985 1008 3033 est
1026 3016 1048 3043 ,
1091 2975 1427 3052 Scripturoe
1475 2982 1527 3029 et
1558 2954 1820 3030 Patrum
1867 2973 2217 3028 auctoritate

347 3072 661 3149 firmatum
675 3114 696 3142 ,
721 3071 969 3150 Anyelos
1001 3073 1072 3127 in
1106 3072 1419 3161 hominum
1459 3067 1791 3126 custodiam
1829 3066 2124 3144 deputari.

281 3256 375 3315 44.
422 3259 774 3338 Propositio7
802 3270 870 3317 ut
894 3268 1087 3340 patet7
1120 3255 1398 3336 generalis
1439 3265 1526 3314 est
1565 3275 1672 3314 nec
1709 3251 1866 3311 aliud
1902 3252 2135 3327 statuit,
2176 3250 2288 3308 nisi
2358 3240 2365 3247 ⁴

270 3473 333 3538 (l)
369 3473 467 3523 cfr.
491 3474 743 3525 Cotelerius
759 3476 815 3524 ad
838 3475 916 3524 lib.
955 3492 971 3522 ι
1001 3474 1197 3523 Hermae
1278 3474 1546 3523 sententiam
1572 3473 1734 3538 rejicit.

204 3552 420 3603 Pastoris
452 3558 670 3605 visionem
704 3575 749 3605 iv
772 3594 785 3617 ‚
830 3559 909 3606 ubi
954 3557 1085 3622 plura
1121 3574 1200 3605 ve-
1264 3543 1270 3548 ”
1347 3554 1415 3619 (2)
1447 3554 1502 3602 In
1517 3571 1651 3618 opere
1667 3554 1741 3600 cui
1756 3551 1915 3599 titulus
1945 3567 1958 3598 ε
1999 3548 2288 3599 Universum

203 3646 352 3685 terum
380 3640 636 3686 testimonia
662 3656 744 3703 pro
765 3639 851 3687 hac
867 3640 1088 3687 sententia
1104 3638 1200 3686 col·
1280 3644 1468 3684 naturoe
1502 3634 1737 3683 theatrum
1758 3670 1771 3693 ‚
1808 3633 1894 3680 lib.
1928 3649 1974 3678 v.

203 3717 333 3781 legit.
350 3717 401 3767 S⁴
420 3718 743 3784 Hieronymus,
762 3717 1007 3768 Commeat
1022 3721 1079 3766 in
1092 3717 1204 3766 Ha·
1355 3716 1415 3779 (3)
1452 3717 1508 3770 In
1533 3714 1700 3781 Epist.
1734 3713 1798 3762 ad
1828 3711 1941 3760 Jac.
1964 3708 2200 3758 Lensant.

207 3796 352 3847 bacuc
369 3837 382 3861 7
416 3800 502 3850 lib.
525 3817 540 3848 ι
560 3837 572 3861 ,
603 3817 698 3848 non
713 3803 810 3850 sine
828 3802 1057 3850 stomacho
1085 3801 1206 3850 hanc
1357 3799 1420 3862 (ὦ)
1455 3797 1779 3860 Wegscheider
1798 3832 1811 3855 7
1834 3792 1861 3858 §
1889 3792 1996 3841 103.
