2580 4152
2099 176 2218 237 215

440 205 599 242 PART.
643 204 730 239 111.
778 203 901 240 CAP·
949 201 1029 240 1V.
1076 201 1143 239 DE
1186 199 1414 238 PECCATI
1459 199 1614 236 ORIG.
1662 198 1891 236 PROPAG.

137 344 594 417 Encratitarum,
642 364 785 424 quos
826 341 922 400 hic
959 342 1300 422 impugnat,
1349 352 1570 414 trans.;
1608 351 1677 398 ut
1720 337 1992 398 excludat
2028 359 2225 420 pecca-

128 452 254 499 tum
284 437 593 518 originale,
633 459 763 517 περ.
811 438 1259 495 Transmisimus
1297 457 1472 517 porro
1513 436 1767 517 primam
1795 445 2055 516 partem,
2083 435 2220 516 quia

119 557 239 594 non
270 534 405 592 satis
441 542 668 591 constat
699 553 770 591 ex
802 541 1077 591 contextu
1099 576 1115 605 ,
1141 541 1344 588 utrum
1368 529 1542 589 allata
1564 528 1741 591 verba
1767 550 1839 588 ex
1874 547 1973 588 ore
2003 528 2217 588 adver*

117 629 399 687 sariorum
426 626 684 707 proferat
726 626 995 685 Clemens
1029 670 1045 700 ,
1097 647 1173 683 an
1200 646 1271 683 ex
1298 646 1421 683 suo.
1462 623 1575 684 Sed
1596 636 1655 683 et
1682 624 1792 683 hoc
1824 624 2218 705 praetermisso

118 731 302 803 patet,
331 720 424 780 hic
450 720 809 780 Clementem
834 741 954 779 non
979 720 1138 801 loqui
1155 719 1227 778 de
1252 730 1488 801 peccato
1515 718 1802 798 originali,
1827 718 1929 778 sed
1956 718 2030 778 de
2051 718 2220 779 sorde

116 827 408 875 contracta
434 838 504 875 ex
541 816 947 896 generatione,
991 835 1169 897 quam
1213 813 1432 873 malam
1469 812 1757 874 vocabant
1793 812 1877 871 illi
1917 813 2214 888 haeretici,

115 911 216 991 qui
243 912 477 992 nuptias
510 909 873 969 damnabant
900 910 1011 990 (l).

197 1005 334 1063 454.
384 1005 471 1063 Ad
498 1007 602 1079 2¹1¹,
630 1007 787 1064 Disc.
815 1004 883 1076 Id
910 1016 999 1063 est
1019 1049 1034 1077 ,
1068 1003 1289 1085 peccati
1315 1013 1645 1076 sectatores,
1681 1022 1872 1074 cona,
1892 1013 2220 1082 peccatores

117 1098 454 1180 simpliciter
481 1144 497 1173 ,
532 1121 660 1178 neq.
682 1101 908 1178 Nempe
937 1099 1212 1177 Origenes
1240 1095 1632 1176 distinguebat
1655 1096 1810 1155 inter
1834 1117 1930 1155 eos
1958 1097 2057 1177 qui
2083 1118 2223 1178 pec-

123 1204 261 1251 cant
287 1204 345 1251 et
382 1202 745 1274 peccatore33
782 1192 1034 1250 affirmat
1057 1202 1254 1250 autem
1285 1190 1587 1250 universos
1615 1211 1887 1271 peccare,
1936 1212 2059 1248 non
2090 1212 2217 1250 om·-

115 1308 218 1345 nes
259 1297 457 1345 tamen
511 1307 633 1346 esse
670 1298 1036 1368 peccatoreS,
1075 1285 1176 1367 qui
1218 1306 1392 1343 usum
1440 1283 1656 1344 scilicet
1691 1287 2105 1344 contraxerint
2150 1307 2216 1344 ac

115 1380 593 1440 consuetudinem
629 1380 925 1462 peccandi.
987 1381 1261 1440 Ceterum
1310 1379 1626 1460 Origenem
1666 1401 1974 1460 agnoscere
2015 1400 2219 1439 omnes

114 1487 439 1556 peccatores
464 1475 695 1535 effectos
725 1474 800 1533 ob
826 1475 1057 1557 culpam
1087 1474 1251 1552 Adae,
1283 1486 1485 1557 aperte
1512 1495 1578 1533 ac
1601 1496 1754 1556 saepe
1778 1476 2087 1556 profitetur
2103 1474 2215 1554 (2).

196 1569 336 1628 455.
390 1569 476 1629 Ad
517 1570 624 1645 3¹¹³,
672 1571 830 1629 Dz'st.
881 1571 1166 1629 Innocens
1198 1614 1214 1644 ,
1265 1569 1328 1628 id
1379 1580 1467 1629 est
1486 1615 1503 1646 ,
1542 1569 1706 1628 nullo
1744 1569 2034 1652 personali
2089 1590 2221 1651 pec-

114 1675 240 1723 cato
285 1665 626 1745 inquinata,
667 1686 855 1739 comm,
883 1666 1163 1725 immunis
1203 1687 1236 1723 a
1289 1675 1527 1747 peccato
1571 1665 1841 1745 originiS,
1884 1687 2015 1745 neq.
2061 1665 2219 1724 Alio—

114 1758 256 1839 quin
289 1759 531 1818 minime
556 1758 833 1841 baptismi
871 1760 1275 1819 necessitatem
1311 1758 1455 1819 adeo
1483 1758 1827 1819 inculcasset
1856 1805 1873 1835 ,
1907 1770 1976 1819 ut
1999 1759 2219 1819 clericis

112 1852 512 1913 deficientibus
547 1854 611 1913 in
639 1855 837 1914 mortis
894 1853 1228 1914 discrimine
1270 1875 1303 1912 a
1341 1853 1499 1913 laicis
1520 1875 1586 1913 ac
1621 1853 1851 1914 feminis
1878 1854 2016 1936 ipsis
2051 1853 2221 1913 illum

117 1948 508 2008 administrari
533 1971 701 2031 posse
727 1949 1112 2009 contenderet
1140 1947 1249 2031 (3).

187 2137 255 2202 (l)
291 2137 344 2185 Id
371 2147 490 2202 patet
517 2155 570 2186 ex
594 2137 745 2186 verbis
767 2137 1029 2187 immediate
1051 2155 1123 2186 se·

122 2219 366 2284 quentibus
382 2216 728 2268 ε’Λπολεῖπ-ετοιι
743 2218 796 2268 δὲ
806 2220 954 2274 αὖα-οἷς
967 2215 1125 2273 οἷς-ἔοι·

123 2320 218 2360 κεν,
248 2299 504 2354 οἷκολοὸθως
534 2299 682 2360 λέγειν
714 2301 789 2357 rvi»
820 2299 991 2362 qim-u
1021 2299 1125 2352 εἶναι

126 2378 279 2436 κακὼ·
329 2383 377 2429 id
417 2393 482 2431 est
502 2419 515 2441 ‚
566 2383 729 2431 Restat
778 2402 886 2448 erqo
928 2386 999 2432 eis
1013 2419 1030 2446 ‚
1074 2393 1130 2432 ut

124 2463 330 2526 violetur,
350 2472 680 2527 consequenter
690 2463 865 2513 malam
879 2482 975 2513 esse
988 2479 1128 2529 qene-

124 2546 370 2592 rationem.
404 2544 499 2592 Cfr.
536 2545 613 2593 hic
639 2555 748 2594 nota
772 2547 977 2597 editoris·

191 2626 254 2690 (2)
270 2625 362 2673 cfr.
379 2622 519 2685 fluet,
538 2628 587 2674 in
602 2626 936 2691 Oriqenianis,
952 2627 1034 2675 lib.
1051 2644 1126 2688 ιιι,

125 2705 153 2772 §
183 2705 265 2770 24.
297 2704 363 2755 Ex
395 2709 650 2756 innumeris
685 2708 806 2769 fere,
828 2725 931 2775 quae
962 2709 1129 2758 adduci

126 2798 326 2850 possent,
350 2787 557 2853 Origenis
581 2792 871 2847 testimoniis,
895 2793 942 2837 in
961 2790 1129 2856 quibus

130 2872 300 2931 peccati
321 2870 553 2935 originalis
578 2874 949 2936 propagationem
979 2873 1129 2936 palam

132 2949 366 3012 profitetur
377 2988 390 3011 ,
407 2969 553 2999 unum
570 2952 803 3000 afferimus
818 2967 873 3001 ex
887 2955 1039 3003 Hom.
1050 2970 1130 3003 xiv

132 3030 190 3076 in
206 3029 324 3077 Luc.
340 3068 353 3091 ‚
376 3032 455 3080 ubi
477 3033 570 3081 ait:
590 3031 799 3082 Parvuli
821 3035 1133 3101 baptizantur

132 3112 191 3157 in
220 3113 539 3161 remissionem
557 3125 876 3180 peccatorum.
913 3114 1131 3181 Quorum

126 3195 468 3257 peccatorum?
505 3196 576 3243 vel
603 3211 694 3262 quo
735 3207 939 3264 tempore
960 3213 1131 3264 pecca-

136 3277 341 3321 verunt?
381 3283 466 3322 aut
500 3279 723 3340 quomodo
742 3287 897 3345 potest
938 3280 1038 3328 ulla
1063 3280 1136 3327 la-

134 3357 273 3403 vacri
294 3356 351 3402 in
370 3357 588 3421 parvulis
602 3362 725 3408 ratio
739 3363 1018 3423 subsistere,
1036 3363 1140 3409 nisi

123 3438 274 3501 juncta
291 3436 429 3484 illum
450 3450 638 3487 sensum
650 3478 664 3501 ‚
682 3441 738 3490 de
753 3458 844 3507 quo
857 3443 1007 3510 paulo
1027 3453 1138 3491 ante

138 3519 354 3567 diximus
395 3536 411 3569 ε
451 3520 630 3570 Nullus
665 3526 875 3574 mundus
905 3544 936 3575 a
968 3526 1102 3574 sorde
1121 3564 1134 3587 ‚

139 3616 226 3648 nec
242 3603 288 3647 si
310 3603 460 3649 unius
479 3603 581 3651 diei
592 3604 743 3668 fuerit
760 3609 859 3656 vita
876 3610 979 3674 ejus
997 3625 1141 3674 super

142 3686 350 3729 terram?
378 3682 447 3731 Et
471 3686 585 3748 quia
602 3703 694 3751 per
721 3686 948 3753 baptismi
975 3705 1139 3738 sacra-

1208 2145 1418 2185 mentum
1469 2139 1741 2186 nativitatis
1778 2139 1936 2187 sordes
1973 2139 2223 2205 deponun-

1207 2229 1316 2282 tur,
1334 2226 1588 2287 propterea
1612 2222 1928 2288 baptizantur
1947 2232 1993 2271 et
2002 2221 2220 2289 parvuli.

1209 2302 1311 2352 cfr.
1338 2306 1477 2352 ctiam
1501 2302 1654 2353 Hom.
1682 2320 1766 2351 vm
1793 2313 1836 2352 et
1860 2321 1911 2352 xi
1935 2307 1993 2352 in
2019 2305 2158 2363 Leo„
2181 2311 2226 2351 et

1214 2383 1394 2432 Contra
1427 2384 1550 2433 Cels.
1584 2383 1669 2433 lib.
1704 2402 1781 2446 iv,
1813 2404 1916 2451 pag.
1955 2403 2040 2453 191
2068 2423 2083 2446 ‚
2115 2386 2222 2434 edit.

1210 2464 1445 2530 Spenceri.

1281 2546 1342 2609 (3)
1379 2547 1441 2595 Ut
1478 2549 1529 2595 in
1567 2548 1657 2595 loc.
1707 2550 1782 2597 cit.
1826 2547 1910 2596 De
1951 2549 2219 2615 baptismo,

1213 2630 1333 2676 circa
1370 2629 1512 2676 finem
1558 2645 1658 2693 cap.
1701 2647 1825 2689 xvn,
1875 2631 1955 2678 ubi
1987 2635 2105 2681 inter
2145 2651 2222 2684 ce-

1213 2720 1304 2758 tera
1343 2709 1501 2758 scribit
1540 2726 1553 2757 ε
1604 2709 1746 2757 Tunc
1780 2711 1914 2759 enim
1950 2717 2223 2764 constantia

1211 2792 1535 2839 succurrentis
1557 2792 1822 2856 excipitur,
1852 2809 1962 2840 cum
1979 2804 2115 2859 urqet
2135 2799 2225 2844 cir-

1210 2874 1504 2922 cumstantia
1564 2871 1906 2937 periclitantis.
1975 2875 2224 2942 Quoniam

1211 2972 1321 3004 reus
1352 2962 1420 3003 est
1441 2953 1629 3020 perditi
1660 2954 1900 3018 hominis,
1932 2958 1980 3005 si
2011 2975 2225 3024 superse-

1213 3037 1338 3085 derit
1367 3046 1601 3102 proestare
1629 3076 1646 3102 ,
1698 3038 1826 3104 quod
1863 3037 2008 3086 libere
2038 3042 2221 3105 potuit.

1215 3120 1433 3169 Ceterum
1475 3119 1554 3168 De
1611 3121 1743 3170 cultu
1778 3118 2008 3187 seminar.
2063 3118 2149 3171 lib.
2178 3138 2225 3183 1,

1217 3217 1315 3267 cap.
1351 3219 1366 3250 1
1413 3220 1426 3250 τ
1477 3202 1546 3251 Ut
1583 3219 1682 3251 non
1717 3206 1902 3268 moyes,
1943 3206 2128 3269 inquit,
2173 3206 2230 3251 in

1218 3282 1439 3332 sordibus
1484 3293 1642 3351 ageret
1684 3294 1730 3333 et
1767 3284 2030 3350 squalorem
2063 3286 2230 3351 potius

1219 3366 1460 3431 affectaret
1492 3402 1507 3430 ,
1565 3368 1722 3432 ipsam
1778 3384 1827 3414 se
1887 3365 2251 3433 circumferens

1220 3445 1382 3494 Evam
1418 3447 1653 3512 lugentem
1688 3455 1734 3496 et
1756 3449 2062 3514 paenitentem
2088 3483 2102 3506 ‚
2138 3463 2230 3512 quo

1212 3527 1411 3595 plenius
1432 3529 1489 3576 id
1500 3567 1513 3589 ,
1541 3531 1667 3594 quod
1688 3528 1744 3578 de
1762 3528 1814 3578 E
1815 3546 1874 3577 va
1897 3527 2229 3592 trahit(iqno-

1220 3611 1430 3657 minium
1448 3610 1556 3659 dico
1566 3613 1725 3677 primi
1741 3610 1904 3658 delicti
1924 3616 1968 3656 et
1987 3608 2231 3657 invidiam

1217 3690 1508 3755 perditionis
1532 3693 1757 3740 humana²
1778 3694 1821 3755 )‚
1848 3692 2006 3738 omnis
2023 3690 2236 3754 satisfac-
