2580 4152
2002 143 2119 226 369

347 194 500 236 PAR'r.
545 184 633 232 111.
680 191 803 229 CAP.
847 190 928 228 VI.
974 190 1042 226 DE
1083 189 1306 227 FU‘TURA
1350 187 1580 225 HOMINIS
1621 186 1779 225 VITA.

29 344 98 398 in
138 360 252 417 quo
291 341 537 395 animoe
539 331 955 390 decedentium
993 351 1134 388 cum
1183 331 1306 389 sola
1347 329 1646 409 oriqinali
1682 327 1900 406 culpa,
1934 337 2124 405 poena

29 435 247 491 damni
281 440 436 489 citra
466 447 713 506 poenam
750 447 911 505 iyms
947 427 1335 502 puniantur,
1341 412 1634 502 perinde
1655 443 1725 482 ac
1752 427 1810 482 si
1834 423 1936 482 hoc
1963 427 2126 501 ipso,

30 527 191 604 quod
219 527 330 603 qui
343 542 594 601 paenam
621 523 782 599 iynis
803 529 1119 592 removent,
1152 518 1505 575 inducerent
1526 519 1718 576 locum
1746 519 1922 575 illum
1948 526 2128 574 etsta-

33 631 161 678 ium
185 618 455 676 medium
475 660 490 689 ,
528 624 818 693 eapertem
846 615 1037 690 culpoe
1079 623 1136 671 et
1166 633 1392 689 poenoe,
1438 617 1598 671 inter
1635 633 1891 692 reynum
1921 613 2040 671 Dei
2075 620 2132 669 et

29 715 482 771 damnationem
508 718 797 766 aeternam
816 750 834 774 ,
859 709 1094 786 qualem
1102 708 1557 785 fabulabantur
1574 707 1922 789 Pelagiani,
1934 708 2125 785 falsa,

40 809 380 875 temeraria,
409 807 480 861 in
521 803 746 861 scholas
786 802 1104 860 catholicas
1131 800 1439 878 injuriosa
1462 801 1810 859 declaratur
1849 801 1957 881 (l).-

111 900 251 964 815„
299 900 382 956 Ex
405 896 904 957 animadversione
937 907 1134 954 autem
1170 906 1466 977 postremo
1491 893 1618 953 loco
1647 896 1832 976 posita
1853 939 1871 971 ,
1907 895 2001 955 via
2023 917 2135 976 pa·-

33 1006 152 1068 tet,
181 1015 294 1075 qua
322 992 484 1052 facile
515 993 666 1050 inter
690 1012 751 1050 se
787 990 1165 1049 concilientur
1208 990 1455 1053 diversae
1492 1000 1552 1048 et
1592 989 1667 1048 ad
1700 990 1951 1070 speciem
1991 1011 2137 1048 con-

32 1090 224 1148 trariae
242 1086 643 1168 theologorum
670 1085 974 1144 sententiae
999 1084 1145 1143 circa
1177 1095 1395 1143 statum
1418 1083 1631 1143 horum
1651 1084 1985 1143 infantium.
2014 1083 2136 1144 Sub

35 1183 250 1264 duplici
277 1182 434 1241 enim
465 1190 734 1261 respectu
764 1180 1009 1260 spectari
1041 1189 1234 1260 potest
1262 1178 1543 1256 ejusmodi
1559 1189 1740 1238 status
1761 1223 1776 1253 ,
1801 1201 2016 1261 nempe
2035 1191 2140 1245 aut

35 1283 106 1335 in
150 1298 207 1335 se
245 1286 346 1334 aut
384 1278 624 1333 relative
644 1317 660 1347 ,
712 1284 779 1331 ut
827 1273 1035 1347 aiunt3
1086 1273 1134 1330 si
1179 1283 1471 1354 spectetur
1518 1274 1762 1331 relative
1810 1274 1886 1332 ad
1930 1295 2140 1355 super-

34 1369 360 1430 naturalem
401 1366 829 1427 beatitudinem
849 1412 865 1441 ,
892 1388 961 1426 ex
978 1388 1092 1448 qua
1113 1387 1220 1448 per
1243 1377 1547 1448 peccatum
1576 1367 1854 1448 originale
1882 1369 2137 1427 infantes

39 1465 412 1538 exciderunt,
441 1461 623 1521 habet
658 1460 789 1520 talis
834 1472 1018 1520 status
1059 1462 1345 1520 rationem
1383 1482 1574 1543 poenae
1614 1474 1674 1520 et
1707 1461 2100 1521 damnationis
2116 1482 2144 1530 ,¹

45 1568 183 1622 sunt
202 1568 479 1639 praeterea
501 1554 784 1634 ejusmodi
799 1555 1053 1613 infantes
1077 1576 1109 1613 a
1134 1557 1255 1614 Deo
1277 1554 1485 1614 saltem
1507 1556 1774 1634 negative
1790 1558 1999 1631 aversi,
2023 1567 2139 1617 etc.

42 1653 99 1711 Si
113 1673 251 1713 vero
277 1660 568 1733 spectetur
586 1649 746 1708 idem
773 1659 954 1707 status
983 1653 1047 1707 in
1075 1670 1163 1721 se,
1183 1649 1305 1709 sive
1331 1650 1593 1708 absolate
1614 1695 1630 1723 ,
1653 1670 1787 1708 cum
1814 1671 1920 1732 per
1935 1670 2142 1733 pecca-

40 1757 169 1805 tum
187 1791 204 1819 ,
232 1756 300 1803 ut
319 1766 423 1803 suo
442 1744 569 1803 loco
598 1742 984 1825 expendimus
1000 1787 1016 1816 ,
1045 1742 1121 1801 de
1143 1742 1504 1802 naturalibus
1530 1742 1678 1801 nihil
1701 1744 2002 1805 amiserint
2017 1791 2033 1820 ,
2055 1757 2144 1805 ta-

40 1838 110 1898 lis
131 1840 241 1898 erit
263 1840 527 1921 ipsorum
550 1837 832 1913 conditio,
863 1835 1048 1918 qualis
1073 1837 1308 1912 fuisset,
1336 1838 1384 1896 si
1402 1838 1588 1898 Adam
1609 1859 1800 1920 neque
1828 1853 2141 1921 peccasset,

48 2033 191 2096 yion.
219 2037 264 2077 et
295 2026 646 2094 Sempelaqian.
665 2027 863 2088 haeresi,
891 2044 990 2093 cap.
1009 2045 1058 2076 v.

115 2108 186 2175 (1)
217 2109 323 2158 Non
354 2110 549 2168 dubito,
591 2110 706 2175 quin
733 2117 944 2157 auctores
978 2105 1047 2156 illi

49 2192 280 2251 catholici,
297 2194 378 2257 qui
395 2192 578 2239 fortasse
597 2191 734 2238 nimis
754 2189 916 2238 acerbe
929 2189 1050 2237 hanc

50 2276 313 2339 opinionem
329 2274 706 2338 perstrinxerunt,
723 2273 877 2319 mitius
890 2271 1051 2320 saltem

50 2356 107 2404 de
150 2373 200 2404 ea
246 2355 388 2403 locuti
435 2353 629 2401 fuissent
659 2389 673 2412 ,
718 2354 756 2400 si
797 2351 887 2400 hoc
924 2349 1052 2401 Sedis

51 2436 318 2501 Apostolicae
333 2435 569 2484 oraculum
588 2438 686 2500 jam
706 2433 964 2498 prodiisset.
981 2432 1050 2482 Ita

52 2518 291 2576 Petavius‚
317 2519 399 2583 qui
430 2516 542 2564 locis
577 2517 656 2564 cit.
694 2517 943 2579 praesertim
975 2514 1055 2563 De

55 2599 194 2658 Deo,
226 2599 310 2647 lib.
336 2614 412 2660 iv,
438 2615 540 2662 cap.
572 2595 707 2663 10,§
733 2593 797 2657 8,
828 2595 1056 2645 affirmare

54 2699 152 2729 non
185 2680 392 2742 dubitat,
433 2696 542 2737 eos,
587 2681 668 2743 qui
708 2687 877 2741 negant
922 2694 1058 2742 poena

61 2763 178 2826 ignis
215 2762 412 2809 infantes
450 2761 673 2820 cruciari,
704 2757 1057 2807 calumniandae

64 2840 324 2907 Scripturoe
337 2859 395 2890 ac
404 2858 539 2890 novoe
552 2839 747 2888 hoeresis
764 2842 1057 2889 occasionem

66 2922 442 2987 subministrare3
472 2925 617 2971 immo
643 2939 748 2971 vero
776 2924 913 2972 etiam
948 2922 1059 2970 Ber-

68 3008 122 3063 ti,
144 3005 289 3070 quiin
316 2999 491 3053 dissert.
507 3022 647 3071 quam
665 3006 896 3070 inscripsit
918 3021 933 3052 τ
954 3001 1059 3051 Del·

68 3085 113 3134 la
124 3084 333 3134 doterina
345 3084 562 3150 teoloqica
575 3093 830 3134 centenum
846 3083 971 3134 nella
984 3084 1061 3133 di-

70 3168 187 3215 vina
226 3166 486 3214 commedio
527 3166 583 3214 di
626 3165 792 3216 Dante
807 3203 822 3227 ,
864 3167 923 3216 de
965 3166 1063 3216 Ali-

71 3249 224 3314 gherio
263 3249 556 3314 conqueritur
574 3283 589 3308 ,
626 3248 753 3314 quod
782 3247 984 3298 infantes
1012 3251 1065 3298 in

72 3331 223 3395 primo
257 3330 404 3393 potius
433 3329 683 3390 inferorum
715 3331 886 3379 circulo
916 3331 1065 3380 collo-

74 3412 267 3473 caverit,
295 3410 352 3457 ad
390 3427 532 3476 quem
560 3410 731 3459 inferni
756 3412 943 3462 flamma
972 3429 1067 3461 non

75 3480 319 3557 pertingit,
361 3509 501 3557 quam
527 3494 578 3540 in
614 3493 816 3542 secundo
835 3532 848 3554 ,
874 3495 1064 3546 dicens:

79 3574 254 3622 Nostra
283 3575 508 3639 opinione
536 3573 623 3623 ella
649 3575 697 3635 ὲ,
724 3575 923 3625 salvata
948 3579 1067 3626 rive·

79 3667 223 3703 renza
250 3654 300 3703 al
330 3652 536 3703 Maesti-o
565 3654 680 3703 delle
710 3665 953 3721 sentenze,
985 3657 1070 3708 all’

78 3736 287 3800 anqelico
309 3733 368 3786 S.
401 3736 652 3789 Tommaso
665 3772 684 3802 ‚
711 3737 761 3789 al
782 3740 1071 3793 senilis-simo

231 3816 297 3874 T.
344 3817 442 3877 111.

1143 2027 1279 2077 Scoto
1299 2066 1313 2089 ,
1349 2028 1403 2077 al
1431 2029 1625 2092 serafico
1651 2026 1712 2080 S.
1748 2030 2094 2079 Bonavemara
2121 2048 2148 2079 e

1140 2112 1196 2159 ai
1226 2110 1323 2159 loro
1353 2110 1473 2159 dotti
1514 2106 1709 2176 sequaci
1753 2112 2152 2161 meritevolmente

1141 2191 1315 2240 dovuta
1331 2226 1348 2253 ‚
1368 2192 1452 2240 che
1465 2192 1546 2240 nel
1561 2195 1783 2258 prossimo
1798 2195 1982 2243 cerchio
1999 2231 2018 2262 ,K
2031 2195 2152 2243 dove

1141 2274 1282 2322 stride
1313 2273 1484 2322 inoltre
1515 2273 1564 2321 la
1584 2275 1785 2339 fiamma
1801 2310 1818 2337 ,
1844 2275 2151 2323 rinchiudere

1141 2353 1250 2420 que'
1267 2354 1523 2420 parqoletti
1544 2373 1569 2403 e
1588 2357 1691 2421 que'
1714 2356 1889 2420 qentili
1911 2359 1957 2404 si
1975 2357 2152 2405 debba-

1142 2451 1206 2485 πο
1316 2437 1502 2501 Rifiuta
1530 2437 1586 2484 di
1609 2435 1869 2502 >canta—‹qqio
1898 2437 2150 2502 (Dentes)

1143 2519 1188 2567 la
1203 2518 1362 2567 fallace
1375 2518 1589 2567 dotti-ina
1613 2518 1660 2566 d’
1672 2518 1791 2568 altri
1810 2521 2021 2567 scrittori
2037 2557 2051 2579 ,
2068 2519 2154 2567 che

1145 2599 1202 2647 di
1238 2598 1554 2664 qualsivoqlia
1595 2599 1750 2648 dolore
1785 2600 1859 2666 qli
1901 2601 2155 2650 credettero

1146 2683 1308 2748 affatio
1326 2683 1467 2747 privi
1495 2682 1620 2746 (talis
1639 2692 1705 2730 est
1728 2685 1949 2730 sententia
1965 2681 2012 2731 S.
2027 2682 2157 2730 Tho-

1145 2763 1413 2826 mae),quasi
1426 2762 1590 2828 laqqiiae
1605 2763 1686 2811 nel
1696 2762 1860 2825 limbo,
1878 2780 1965 2812 con
1969 2765 2159 2830 puerili

1136 2843 1358 2904 ⁴trastulli
1373 2844 1712 2906 divertendosi,
1731 2845 2158 2911 qiuocar-soqliano

1149 2927 1311 2992 upari
1333 2943 1359 2974 e
1384 2927 1505 2993 caffo
1525 2963 1539 2988 ‚
1573 2926 1633 2973 ed
1655 2943 1756 2975 una
1776 2943 1940 2976 canna
1956 2966 1970 2988 ,
1993 2945 2159 2978 ovvero

1150 3024 1221 3056 un
1247 3008 1441 3056 lia-stone
1464 3008 1831 3074 aqqaviqnando
1849 3045 1863 3069 ,
1892 3009 2160 3059 andarsene

1151 3106 1183 3137 a
1199 3088 1488 3138 cavalluccio
1504 3125 1522 3151 ‚
1539 3091 1739 3139 siccome
1754 3088 1832 3139 de’
1844 3093 2027 3140 viventi
2041 3093 2162 3157 fan-

1153 3169 1293 3219 ciulli
1318 3179 1457 3220 canto
1484 3170 1525 3218 il
1546 3170 1601 3219 V
1598 3174 1795 3221 enosino
1816 3190 1830 3221 ε
1855 3173 2046 3222 Ludere
2062 3191 2163 3239 par

1155 3255 1344 3318 impar,
1383 3254 1595 3318 equitare
1626 3255 1684 3302 in
1715 3254 1959 3303 arundine
1989 3254 2155 3319 lonqa.

1157 3332 1266 3382 Vid.
1282 3333 1435 3383 Dante
1455 3372 1468 3395 ,
1498 3334 1637 3401 Oper.
1671 3336 1783 3386 edit.
1809 3336 1975 3385 Venet.
1996 3336 2124 3384 Zatta
2142 3373 2157 3396 ‚

1157 3416 1251 3464 vol.
1285 3433 1358 3466 111.
1394 3416 1507 3467 Vid.
1541 3419 1687 3467 versio
1727 3419 1867 3466 latina
1911 3419 2037 3466 citati
2070 3416 2162 3482 loci

1157 3497 1218 3547 'ad
1267 3498 1437 3547 calcem
1484 3497 1626 3564 hujus
1680 3499 1949 3547 voluminis.
2003 3490 2159 3563 Ergo,

1152 3597 1211 3629 ne
1249 3580 1356 3628 talia
1387 3580 1599 3629 dicantur
1633 3579 1692 3629 de
1732 3579 1958 3646 ejusmodi
1977 3581 2158 3644 pueris,

1153 3661 1389 3710 debebunt
1443 3665 1529 3727 ipsi
1587 3663 1788 3711 flammis
1861 3662 2160 3712 stridentibus

1152 3754 1376 3796 aeternum
1410 3744 1622 3795 comburi
1634 3747 1669 3809 2,

1842 3822 1923 3881 24
