2580 4152
384 205 500 264 102

1036 228 1237 266 TRACT.
1287 228 1355 264 m:
1399 229 1503 268 DEO
1550 228 1858 268 CREATORE.

379 370 455 429 sis
493 367 904 450 mythologicis
931 367 1208 427 omnibus
1246 370 1500 452 antiquis
1539 371 1978 432 narrationibus
2000 417 2016 448 7
2061 373 2163 456 qui
2204 371 2511 434 historiam

378 478 641 529 veterem
672 464 924 524 scribere
953 466 1374 547 aggrediuntur
1401 513 1417 542 7
1456 491 1489 527 a
1517 468 1761 529 detectis
1797 492 1990 552 nuper
2015 471 2079 529 in
2106 471 2336 530 Etruria
2364 494 2519 553 prae-

366 564 589 622 *sertim
630 562 1034 619 monumentis
1065 562 1232 621 initia
1272 562 1523 639 ducant7
1563 565 1625 622 in
1647 565 1833 647 iisque
1864 566 2249 626 fundamenta
2269 567 2513 645 jaciant.

379 661 517 718 Haec
547 669 745 716 autem
774 670 1165 716 monumenta
1187 658 1359 738 longe
1376 660 1700 719 recentiora
1719 673 1857 720 sunt
1876 708 1892 737 7
1912 674 1971 722 et
1990 663 2053 721 in
2085 684 2212 722 earn
2231 662 2518 744 epocham

378 753 654 814 incidunt
683 799 698 828 7
729 775 843 834 qua
877 752 1149 813 homines
1178 766 1311 835 post
1343 755 1706 835 phalegicam
1741 756 2168 837 dispersionem
2191 759 2251 816 in
2284 759 2517 838 exiguas

378 851 641 932 primum
665 850 967 908 societates
1001 849 1342 909 coaluerunt
1368 851 1389 928 (
1399 851 1478 929 1).
1502 851 1637 910 Jam
1656 874 1794 912 vero
1821 852 1865 910 si
1894 852 2147 912 hominis
2177 855 2390 913 creatio
2417 875 2523 935 per

378 956 469 1005 tot
497 968 792 1004 annorum
820 945 1113 1025 myriades
1143 991 1157 1019 7
1185 968 1328 1028 quas
1355 945 1774 1006 fabulabantur
1802 946 2088 1007 increduli
2107 994 2124 1024 7
2157 971 2330 1030 supra
2366 951 2524 1031 Moy-

380 1064 505 1102 sem
543 1041 715 1100 altius
754 1042 1175 1101 conscenderet
1210 1088 1225 1117 7
1270 1041 1574 1102 undenam
1615 1042 1833 1102 factum
1888 1054 1977 1103 est
2013 1089 2028 1118 7
2093 1054 2160 1102 ut
2211 1043 2522 1106 hominum

379 1138 682 1219 ingenium
721 1137 1013 1196 incultum
1048 1159 1287 1219 prorsus
1332 1149 1500 1197 tanto
1545 1140 1822 1221 temporis
1873 1140 2061 1220 spatio
2101 1151 2306 1199 contra
2343 1140 2524 1222 ipsius

380 1246 660 1294 naturam
682 1233 1049 1316 perstiterit?

463 1331 607 1390 214.
659 1332 724 1388 60
745 1332 1091 1390 Consonant
1106 1329 1350 1389 demum
1366 1331 1506 1412 ipsae
1522 1329 1961 1391 observationes
1978 1329 2281 1410 geologicae
2299 1374 2321 1403 ,
2346 1343 2525 1413 prout

385 1426 712 1486 ostendunt
744 1426 1191 1485 commemorati
1219 1428 1432 1486 Cuvier
1459 1472 1474 1500 7
1502 1429 1586 1502 De
1602 1429 1717 1485 Luc
1737 1472 1752 1499 7
1781 1427 2022 1486 Brocchi
2046 1438 2187 1500 etc.7
2210 1449 2282 1486 ex
2314 1427 2526 1509 quibus

383 1534 614 1583 constat
650 1522 746 1582 vel
789 1523 1065 1603 nuspiam
1099 1521 1387 1580 hactenus
1434 1533 1668 1603 reperta
1698 1543 1824 1580 ossa
1858 1522 2072 1580 fossilia
2101 1522 2364 1581 humana
2385 1569 2399 1597 7
2433 1521 2528 1582 vel

384 1621 428 1677 si
460 1640 591 1700 quae
626 1619 957 1677 novissimis
985 1616 1349 1699 temporibus
1374 1628 1607 1698 reperta
1631 1616 2020 1698 perhibentur
2047 1617 2157 1698 (2)7
2182 1619 2229 1676 si
2253 1639 2383 1676 vere
2400 1621 2529 1696 fos-

382 1718 526 1773 silia
565 1714 679 1773 dici
707 1713 962 1788 debent7
993 1724 1150 1772 certe
1176 1713 1472 1771 rarissima
1499 1734 1643 1772 esse.
1680 1714 1768 1771 Sic
1798 1714 2400 1795 nequeinstrumenta
2431 1711 2530 1774 vel

382 1810 676 1870 metallica
713 1809 809 1870 vel
843 1808 1075 1891 lapidea
1117 1809 1213 1869 vel
1243 1809 1480 1868 alterius
1509 1811 1930 1891 cujuscumque
1961 1821 2191 1869 naturae
2233 1809 2306 1868 ab
2344 1809 2530 1868 homi-

381 1905 557 1965 nibus
606 1905 920 1966 fabrefacta
964 1916 1023 1965 et
1067 1904 1364 1964 elaborata
1420 1906 1797 1987 reperiuntur
1834 1906 1896 1964 in
1930 1905 2068 1965 Iocis
2106 1917 2166 1965 et
2199 1906 2489 1985 adjunctis
2512 1951 2528 1977 7

385 2024 515 2085 quae
561 2003 808 2061 nimiam
860 2003 1275 2084 antiquitatem
1305 2001 1640 2061 ostendant.
1674 2001 1844 2060 Unde
1902 2002 2067 2083 sequi
2103 2001 2376 2077 videtur7
2408 2024 2531 2061 non

389 2097 569 2157 modo
592 2098 921 2157 humanum
949 2120 1131 2179 genus
1151 2096 1370 2180 epocha
1390 2119 1419 2155 a
1438 2099 1631 2178 Moyse
1649 2097 1902 2156 indicata
1926 2098 2221 2179 antiquius
2247 2120 2367 2156 non
2387 2118 2536 2169 esse,

387 2193 491 2253 sed
517 2194 761 2254 fortasse
788 2195 965 2254 etiam
984 2206 1250 2275 tempore
1276 2193 1481 2254 diluvii
1506 2195 1711 2252 noe'tici
1730 2195 1947 2252 nonita
1975 2193 2304 2275 dispersum
2334 2192 2534 2266 fuisse7

386 2311 496 2350 nec
525 2291 606 2350 ita
640 2291 1140 2374 multiplicatum,
1172 2301 1238 2348 ut
1262 2289 1436 2348 multi
1465 2300 1676 2371 putant
1699 2288 1810 2370 (3).

469 2386 617 2447 215.
668 2388 911 2469 Reliqua
941 2387 1332 2470 praetermitto
1347 2431 1369 2458 ,
1409 2407 1484 2444 ne
1515 2387 1576 2443 in
1609 2407 1671 2445 re
1699 2408 1820 2444 non
1846 2383 2024 2443 dubia
2055 2383 2414 2462 argumentis
2449 2382 2537 2441 uti

386 2482 592 2543 videar
614 2506 736 2543 non
762 2484 1098 2544 necessariis
1118 2530 1132 2558 7
1165 2504 1298 2542 cum
1324 2504 1394 2541 ex
1417 2480 1585 2541 dictis
1615 2481 1779 2541 facile
1804 2492 2030 2540 constet
2051 2527 2067 2553 7
2106 2479 2318 2538 frustra
2344 2479 2538 2537 incre-

389 2577 557 2637 dulos
584 2578 877 2639 laborasse
906 2579 982 2638 ad
1010 2577 1447 2653 ostendendum
1473 2599 1654 2655 genus
1682 2577 2013 2635 humanum
2031 2598 2101 2635 ex
2125 2575 2411 2634 historicis
2439 2573 2539 2634 do-

389 2677 680 2734 cumentis
707 2676 1005 2758 antiquius
1036 2696 1160 2734 esse
1189 2674 1410 2756 epocha
1440 2695 1472 2732 a
1504 2677 1700 2754 Moyse
1730 2674 2046 2733 constituta
2078 2671 2192 2752 (4)

389 2870 564 2916 cieuses
592 2885 646 2916 ae
680 2867 883 2916 Caeretes
921 2870 1194 2933 praesertim.
1216 2866 1327 2914 Haec
1348 2875 1420 2914 ta-

387 2967 499 2997 men
521 2951 679 2997 omnia
708 2951 923 3000 nondum
953 2952 1014 2997 ita
1043 2959 1152 2996 sunt
1182 2959 1304 2997 certa
1323 2985 1335 3006 ‚
1370 2958 1420 2994 ut

387 3047 486 3077 non
508 3030 566 3078 de
592 3032 705 3095 ipsis
722 3032 844 3078 inter
860 3013 915 3079 se'
928 3040 1102 3078 certent
1119 3028 1414 3093 archaeologi.

459 3111 521 3176 (l)
561 3111 741 3160 Delfico
761 3150 773 3171 7
807 3131 867 3177 op
895 3115 981 3160 cit.

456 3195 523 3255 (2)
556 3194 655 3242 Cfr.
677 3192 906 3242 Discomrs
935 3211 1025 3242 aur
1048 3193 1113 3242 les
1128 3192 1422 3241 revolutions

388 3275 457 3323 du
485 3275 661 3336 Globe7
708 3276 863 3335 Paris,
917 3278 985 3324 vei
1029 3277 1235 3341 ejusdem
1269 3277 1419 3340 operis

386 3360 537 3407 versio
554 3360 703 3406 italica
725 3377 833 3406 cum
850 3362 970 3406 notis
993 3360 1163 3422 Ignatii
1188 3358 1418 3417 paradisi,

389 3441 632 3489 Florentiae
657 3438 813 3502 1828,
837 3451 953 3488 tom.
977 3458 1013 3501 1,
1033 3439 1057 3506 *3
1074 3457 1163 3487 201
1188 3451 1231 3487 et
1249 3458 1380 3506 seqq.
1406 3457 1419 3502 ;

388 3522 460 3572 De
489 3524 604 3581 Luc7
644 3522 844 3572 LettreS.
873 3523 1137 3589 physiquea
1162 3522 1418 3582 3Brocchi,

392 3623 472 3668 op.
497 3609 578 3654 cit.
597 3604 953 3653 Introduzione
977 3643 989 3665 7
1018 3624 1122 3670 pag.
1143 3602 1207 3652 36
1225 3615 1267 3653 et
1282 3623 1414 3672 seqq.

394 3686 587 3735 Fossile
623 3706 757 3753 porro
777 3689 967 3750 dicitnr,
1001 3684 1127 3752 quo’d
1149 3687 1235 3735 sub
1255 3698 1417 3736 terres-

393 3769 541 3817 tribus
564 3807 576 3830 ,
616 3780 667 3818 ut
703 3780 897 3830 vocant,
927 3771 1094 3817 atratis
1123 3771 1299 3818 fossum
1326 3780 1412 3819 est.

1504 2863 1637 2912 Circa
1666 2864 1768 2911 haec
1797 2862 1969 2937 fossiiia
1998 2863 2203 2910 humana
2224 2899 2236 2918 7
2262 2881 2342 2911 seu
2372 2872 2422 2911 ut
2449 2881 2532 2911 vo-

1504 2957 1612 2994 cant
1637 2944 2015 3010 anthropolz'taS,
2043 2946 2149 2993 vide
2172 2962 2275 3010 quae
2304 2945 2365 2994 cl.
2394 2945 2531 2994 Cam.

1504 3027 1730 3086 Ranzani7
1747 3026 1799 3074 E
1802 3026 1997 3074 lementi
2007 3025 2062 3074 di
2077 3025 2127 3073 Z
2129 3025 2331 3091 ool09¹ia7
2351 3038 2529 3087 tom.11,

1505 3109 1710 3175 Bologna
1746 3106 1865 3156 1821
1894 3147 1907 3167 7
1946 3111 2126 3174 scripsit
2153 3113 2202 3156 in
2235 3111 2416 3174 prolixa
2448 3110 2532 3158 ad-

1507 3195 1745 3243 notatione
1781 3192 1993 3239 addenda
2024 3192 2081 3238 ad
2112 3192 2320 3241 hominis
2352 3195 2528 3240 articu-

1505 3274 1606 3323 lum
1626 3292 1732 3339 pag.
1756 3290 1853 3340 720
1871 3283 1915 3322 et
1939 3292 2094 3339 seqq.,
2119 3275 2200 3322 ubi
2226 3265 2436 3323 accurate
2452 3292 2530 3322 ex·

1507 3358 1704 3424 pendit,
1749 3373 1852 3421 quae
1891 3375 1916 3405 a
1956 3358 2156 3421 geologis
2203 3358 2261 3406 de
2296 3357 2529 3423 ejusmodi

1506 3439 1686 3489 ossibus
1719 3438 1956 3487 fossilibus
1986 3449 2165 3504 reperta
2198 3439 2449 3499 dicuntur,
2487 3447 2532 3486 et

1503 3523 1681 3590 judicia
1702 3558 1715 3580 ‚
1753 3537 1856 3587 quae
1895 3521 1954 3569 ab
1986 3524 2096 3587 ipsis
2127 3522 2218 3569 lata
2250 3531 2377 3570 sunt.

1574 3604 1640 3668 (3)
1679 3604 1808 3651 Inter
1832 3614 2004 3652 ceteros
2030 3606 2091 3652 ita
2119 3613 2308 3652 censent
2325 3613 2529 3651 auctores

1503 3687 1625 3752 angli
1670 3686 1914 3734 Historiae
1945 3685 2267 3745 universalis,
2300 3696 2415 3739 tom.
2437 3703 2476 3734 ι.

1572 3768 1639 3833 (li)
1679 3769 1793 3830 Etsi,
1826 3778 1879 3818 ut
1913 3787 1965 3818 ex
1982 3770 2116 3817 dictis
2145 3774 2272 3833 patet
2298 3770 2374 3815 vix
2388 3766 2526 3833 quid-
