2502 4160
679 297 1687 439 TRACTATUS

535 584 697 668 DE
809 582 1070 672 DEO
1186 580 1946 668 CREATORE.

920 791 1443 861 PROOEMIUM.

218 981 272 1038 1.
299 981 468 1038 Deum
497 977 797 1058 Optimum
829 976 1150 1034 Maximum
1184 974 1244 1032 in
1271 995 1332 1032 se
1360 995 1425 1032 ac
1459 975 1521 1032 in
1551 975 1669 1033 suis
1705 973 2134 1056 operationibus
2161 976 2249 1033 ad

134 1081 304 1134 intra
322 1119 338 1149 ,
368 1074 468 1155 qui
490 1070 816 1130 scholarum
841 1079 929 1128 est
951 1090 1165 1141 sermn,
1196 1067 1473 1125 hactenus
1503 1066 1841 1146 dignoscere
1877 1067 2240 1142 studuimus3

136 1180 420 1250 quatenus
443 1178 638 1224 autem
677 1162 858 1221 libere
887 1172 1062 1242 atque
1099 1161 1385 1234 exteriuS‚
1429 1162 1595 1225 suam
1635 1160 1963 1225 bonitatem
1997 1163 2244 1243 largien-

137 1263 244 1336 do,
283 1263 346 1318 in
391 1258 664 1318 creaturis
719 1266 992 1338 operatur
1030 1267 1206 1336 atque
1257 1276 1318 1314 se
1360 1255 1726 1330 manifestat,
1773 1256 1967 1337 ipsum
2002 1258 2245 1337 posthac
2335 1280 2337 1282 ·

136 1353 522 1436 spectabimus
541 1397 556 1426 ,
588 1362 762 1433 atque
786 1349 1060 1409 admirari
1092 1348 1530 1409 contendemus
1565 1351 1695 1409 Tria
1719 1372 1895 1432 porro
1922 1362 2247 1411 sunt‘crea-

132 1459 326 1507 tarum
349 1469 382 1506 a
404 1449 522 1506 Deo
549 1467 758 1526 genera
792 1466 988 1505 rerum
1008 1470 1024 1518 ς
1049 1443 1174 1504 aliae
1199 1466 1414 1526 nempe
1437 1444 1766 1526 spirituales
1792 1446 2205 1505 tantummodo
2225 1491 2242 1521 .,

135 1541 458 1621 cujusmodi
489 1540 693 1621 Angeli
721 1551 891 1614 sunt,
932 1539 1058 1599 aliae
1094 1560 1417 1621 corporeae,
1452 1561 1594 1620 quas
1623 1539 1778 1598 orbis
1815 1540 1909 1598 hic
1945 1540 2250 1622 adspecta-

133 1635 263 1696 bilis
293 1636 728 1719 complectitur,
757 1634 884 1694 aliae
923 1635 1176 1716 denique
1208 1655 1276 1693 ex
1313 1645 1559 1715 utraque
1578 1679 1594 1709 a
1622 1655 1897 1716 corporea
1930 1657 2145 1716 nempe
2181 1655 2248 1694 ac

135 1731 379 1813 spiritali
408 1730 732 1790 substantia
769 1740 1071 1804 constant,
1108 1728 1306 1810 quales
1336 1740 1474 1787 sunt
1509 1728 1794 1789 homines.
1835 1731 1925 1802 Ex*
1948 1729 2039 1788 his
2071 1730 2249 1789 facilis

138 1824 567 1909 quodammodo
601 1824 864 1884 dimanat
895 1824 1074 1883 totius
1110 1825 1410 1882 Tractatus
1442 1824 1504 1883 in
1536 1835 1654 1884 tres
1683 1835 1877 1906 partes
1914 1824 2153 1900 divisio;
2185 1827 2250 1885 in

138 1941 387 2002 quarum
424 1920 614 2001 prima
653 1918 726 1978 de
763 1917 992 1998 Angelis
1011 1964 1027 1994 ,
1069 1918 1133 1977 in
1170 1916 1358 1978 altera
1389 1917 1461 1978 de
1507 1918 1729 1979 mundo
1748 1965 1764 1996 .‚
1799 1919 1872 1980 de
1905 1919 2143 1981 homine
2186 1921 2250 1979 in

139 2014 344 2074 ultima
379 2013 724 2075 disseremus
755 2013 867 2094 (l).

1017 2211 1228 2278 PARS
1314 2212 1367 2279 I.

1016 2355 1088 2395 DE
1126 2354 1370 2396 ANGELIS.
1421 2378 1424 2380 >

224 2493 284 2550 2.
317 2494 455 2564 Quae
481 2491 554 2551 de
586 2490 810 2571 Angelis
840 2512 912 2550 ex
939 2490 1248 2572 Scripturae
1278 2510 1342 2549 ac
1369 2487 1699 2548 traditionis
1731 2490 2070 2549 auctoritate
2097 2501 2253 2550 certo

146 2586 321 2645 statui
348 2607 410 2644 ac
439 2585 665 2645 definiri
695 2597 939 2668 possunt
959 2631 975 2660 ,
1000 2606 1183 2667 pauca
1208 2585 1470 2667 profecto
1496 2596 1666 2660 suut,
1695 2606 1760 2644 ac
1788 2585 1864 2644 ad
1894 2597 2123 2668 septem
2145 2608 2256 2667 po-

97 2702 102 2707 ·
145 2681 433 2740 tissimum
457 2681 644 2760 capita
675 2691 1053 2754 revocantum
1080 2681 1388 2740 existentia
1415 2679 1685 2740 videlicet
1704 2725 1720 2755 ,
1756 2691 1963 2738 natura
1984 2726 1999 2753 ‚
2030 2680 2214 2739 officia
2235 2725 2252 2756 .,

145 2776 324 2855 gratia
342 2821 356 2849 ,
373 2774 758 2856 plurimorum
779 2774 974 2855 lapsus
995 2819 1011 2846 .,
1039 2796 1217 2855 poena
1234 2819 1250 2849 ,
1267 2774 1748 2834 machinationes,
1777 2775 1966 2855 Atque
1990 2774 2112 2834 haec
2136 2775 2256 2835 fere

147 2880 284 2928 sunt
304 2914 320 2944 .,
352 2891 480 2951 quae
503 2870 624 2928 sive
653 2869 728 2927 ab
754 2868 1120 2928 heterodoxis
1145 2868 1265 2928 sive
1287 2867 1361 2926 ab
1386 2867 1699 2928 incredulis
1725 2867 2258 2951 recentioribusque

145 2961 370 3022 biblicis
400 2986 464 3022 ac
498 2963 868 3023 rationalistis
898 2985 1020 3022 non
1048 2962 1238 3021 solum
1271 2962 1724 3044 impugnantur,
1755 2962 1857 3022 sed
1893 2965 2258 3046 contemptui
2281 3008 2303 3032 ,

150 3069 321 3139 atque
350 3059 541 3117 irrisui
566 3057 878 3117 habentur.
914 3057 1316 3139 Quaremissis
1334 3102 1350 3132 ,
1381 3079 1510 3138 quae
1541 3056 1727 3136 longis
1758 3057 2007 3116 nimium
2055 3057 2257 3141 dispu-

150 3150 464 3210 tationibus
489 3174 523 3210 a
554 3151 843 3212 veteribus
872 3152 1236 3234 potissimum
1265 3151 1613 3210 scholasticis
1638 3150 2072 3211 disserebantur
2088 3198 2105 3228 .‚
2130 3174 2259 3213 me-

154 3256 403 3304 moratos
432 3245 723 3306 catholicae
751 3245 1027 3306 doctrinae
1060 3246 1328 3305 articulos
1358 3245 1641 3305 distinctis
1673 3246 1957 3328 capitibus
1980 3246 2258 3309 adversus

155 3338 397 3399 effrenes
426 3341 597 3401 hosce
624 3342 847 3401 criticos
871 3340 1619 3423 vindicandossuscipimus
1647 3339 1756 3421 (2).

187 3519 194 3523 '
229 3514 289 3579 (1)
326 3515 462 3564 Hunc
483 3518 695 3567 eumdem
718 3518 924 3567 ordinem
946 3518 1033 3566 sibi
1057 3535 1164 3582 pro·
1310 3518 1375 3581 (2)
1414 3518 1551 3567 Plura
1574 3517 1778 3582 profecto
1799 3526 1906 3566 sunt
1922 3554 1936 3578 ,
1956 3533 2060 3584 quae
2086 3526 2260 3568 veteres

161 3599 291 3661 ponit
332 3596 382 3645 S.
426 3597 626 3647 Thomas
664 3602 714 3647 in
748 3598 950 3647 Summa
971 3636 986 3661 ‚
1031 3611 1166 3665 atque
1246 3599 1502 3648 scholastici
1520 3600 1797 3665 inquirunt,
1822 3615 1970 3665 quum
1996 3599 2053 3647 de
2075 3596 2261 3665 Angelis

163 3678 290 3726 hunc
335 3688 560 3727 sectamur
593 3696 608 3742 ;
663 3681 747 3729 cfr.
800 3681 926 3730 idem
986 3679 1167 3730 Contra
1247 3680 1514 3745 disputant,
1544 3697 1619 3730 ex.
1653 3698 1722 3746 gr.
1765 3679 1823 3729 de
1847 3690 2012 3729 natura
2039 3679 2259 3746 Angelica

169 3757 314 3810 Geni.
343 3760 429 3810 lib.
459 3776 526 3821 11,
556 3778 659 3825 cap.
701 3778 746 3811 1.
1250 3760 1457 3812 absolute
1476 3797 1491 3825 ,
1522 3762 1580 3811 de
1606 3764 1813 3828 ipsorum
1848 3778 2044 3811 numero
2066 3799 2080 3824 ‚
2114 3765 2260 3829 speci-

488 3841 552 3899 T.
602 3841 702 3900 111.
1401 3863 1407 3873 ²
1983 3842 2014 3900 l
2064 3922 2073 3936 ,
