2580 4152
366 187 442 250 84

1016 212 1216 250 TRACT.
1262 213 1331 251 DE
1374 214 1481 250 1)Εο
1523 212 1834 253 GREATORE.

380 412 383 415 ,
451 353 588 414 181.
637 353 804 411 Hanc
832 372 974 413 vero
1006 352 1434 432 expositionem
1459 399 1475 429 7
1531 376 1709 436 quam
1747 377 1871 414 non
1900 356 2068 437 pauci
2108 377 2178 414 ex
2213 356 2493 416 recentio-

366 450 528 510 ribus
555 448 839 527 theologis
869 458 1046 528 atque
1078 447 1501 528 interpretibus
1534 449 1826 510 catholicis
1863 462 2105 510 tuentur
2125 497 2141 525 7
2168 473 2273 509 nos
2300 473 2495 533 neque

365 545 776 628 amplectimur
798 564 990 623 neque
1018 543 1381 623 respuimus3
1409 543 1520 603 hoc
1549 567 1735 604 unum
1757 546 1925 605 nobis
1944 547 2004 604 in
2021 547 2330 628 praesentia
2354 547 2492 605 satis

363 654 451 702 est
482 637 951 699 animadvertere
967 681 984 712 7
1007 637 1293 714 ejusmodi
1319 640 1675 698 sententiam
1699 663 1822 699 non
1844 663 1968 700 esse
1990 641 2064 717 ab
2092 642 2337 701 Ecclesia
2362 663 2493 723 pro·

366 738 643 818 scriptam
665 779 680 807 7
712 754 778 791 ac
817 754 940 791 non
970 731 1163 790 solum
1192 732 1352 794 salva
1378 733 1530 806 fide,
1570 735 1673 794 sed
1707 736 1881 816 etiam
1908 735 2127 818 absque
2149 737 2492 797 temeritatis

365 843 506 891 nota
545 828 779 889 defendi
821 849 1025 910 posse7
1060 829 1110 886 si
1140 850 1344 908 graves
1382 830 1492 910 ipsi
1519 831 1773 890 rationes
1811 832 2217 911 suffragentur.
2260 835 2487 909 Quare7

371 929 418 986 si
455 926 747 984 evidentes
773 921 1215 983 observationes
1242 945 1349 982 nos
1380 937 1590 1004 cogant
1617 948 1647 984 a
1677 927 1977 984 communi
2005 928 2490 1010 interpretatione

358 1022 629 1083 recedere
650 1066 667 1095 7
688 1018 920 1077 nullum
949 1018 1375 1078 detrimentum
1400 1021 1623 1102 patitur
1643 1027 1900 1081 mosaica
1934 1025 2298 1102 cosmogonia
2318 1070 2334 1098 7
2360 1046 2489 1106 quae

361 1123 422 1178 in
457 1118 569 1176 hac
611 1115 924 1197 hypothesi
959 1116 1182 1196 optime
1221 1136 1358 1174 cum
1385 1115 1595 1176 iisdem
1631 1117 1922 1177 cohaerere
1960 1128 2191 1199 potest3
2234 1119 2324 1177 sin
2350 1140 2491 1179 vero

360 1212 649 1293 ejusmodi
680 1210 1117 1271 observationes
1157 1232 1279 1269 non
1321 1210 1653 1288 habentur7
1691 1234 2006 1295 perperam
2041 1212 2357 1274 adversarii
2395 1236 2490 1274 eas

359 1313 631 1369 mosaicae
661 1306 1054 1386 ‘cosmogeniae
1097 1318 1411 1388 opponunt
1438 1353 1453 1382 7
1502 1328 1629 1390 quae
1659 1353 1675 1384 7
1722 1309 1898 1368 etiam
1940 1308 2191 1369 admissa
2233 1331 2492 1371 commu-

361 1404 514 1464 niori
537 1401 1032 1485 interpretatione
1056 1447 1072 1477 7
1109 1401 1273 1461 nulla
1300 1403 1528 1463 ratione
1552 1403 1903 1466 convellitur
1928 1405 2036 1486 (1).

360 1667 504 1719 quem
537 1650 637 1714 ipse
662 1666 715 1697 ex
746 1649 906 1714 lingua
929 1649 1147 1714 phoenica
1173 1648 1261 1697 sub
1286 1648 1384 1698 Ha-

362 1733 526 1781 driano
558 1731 840 1796 imperatore
862 1733 913 1778 in
934 1748 1128 1796 graecam
1150 1732 1388 1780 transtulit

362 1815 516 1880 (apud
552 1813 809 1862 Eusebium
840 1851 854 1874 7
897 1811 980 1862 De
1011 1831 1172 1880 proep.
1211 1831 1380 1880 ecanq.

359 1897 447 1945 lib.
466 1914 482 1943 1
501 1934 514 1957 7
534 1914 639 1962 cap.
668 1913 683 1943 1
696 1896 744 1960 ο)
763 1933 775 1956 7
794 1896 936 1944 refert
952 1895 1228 1944 Phoenicum
1252 1897 1386 1946 theo-

362 1981 529 2045 logiam
570 1997 741 2044 ponere
780 1980 1066 2044 principium
1095 1979 1237 2045 hujus
1278 1981 1387 2027 uni-

364 2065 483 2112 versi
514 2079 666 2111 aerem
690 2061 991 2110 tenebrosum
1024 2072 1069 2110 et
1097 2062 1351 2126 spiritalem
1369 2098 1383 2120 ‚

366 2148 462 2193 sive
494 2147 699 2208 spatium
739 2147 857 2192 aeris
891 2143 1123 2192 tenebrosi
1154 2154 1199 2192 et
1234 2143 1386 2192 Chaos

365 2227 560 2292 caligine
595 2228 861 2275 involutum
909 2244 922 2274 :
972 2234 1136 2276 'raam
1171 2223 1234 2276 δὲ
1277 2224 1387 2276 εἶναι

363 2307 560 2376 ἔπειμι,
594 2308 671 2358 καὶ
703 2307 792 2359 διαὶ
820 2305 961 2358 πολὺ
996 2312 1132 2359 αἰῶνα
1164 2307 1231 2372 μὴ’
1264 2306 1385 2372 ’ἔχειν

364 2389 523 2459 πέρας·
554 2386 626 2441 ἴτε
650 2388 733 2454 δὲ,
753 2390 906 2454 Pio-u,
929 2389 1112 2458 ἠρέσθη
1138 2390 1192 2442 τὲ
1207 2401 1387 2456 πνεῦμα

362 2483 447 2525 τῶ
465 2473 593 2524 ἰδίων
617 2477 765 2542 αἰρχῶν
785 2514 797 2536 ,
817 2473 895 2525 καὶ
917 2473 1096 2535 ἐγένετο
1113 2474 1385 2543 ‹ro'yxpoeo-tf,

364 2559 392 2615 η’
411 2555 566 2614 arzon»)
597 2558 739 2614 ἐκείνη
773 2556 952 2615 ἔκλῆθη
978 2556 1151 2619 πίθος,
1178 2583 1227 2609 κ.
1261 2572 1383 2610 τ..λ.

363 2643 416 2692 id
456 2655 523 2691 est
556 2661 570 2691 ε
607 2642 736 2690 Haec
776 2659 957 2709 porro,
1005 2643 1206 2707 infinita
1251 2658 1384 2702 esse,

358 2725 643 2790 nullumque
658 2726 764 2773 nisi
781 2724 920 2789 lcnyo
939 2725 1218 2774 saeculorum
1243 2727 1387 2773 inter-

358 2809 480 2856 vallo
510 2810 774 2856 terminum
804 2807 997 2855 habere.
1042 2805 1267 2868 Verum,
1301 2806 1391 2855 ubi

361 2889 581 2955 Spiritus
610 2907 776 2938 amore
796 2891 1162 2955 principiorum
1190 2906 1387 2938 suorum

342 2973 563 3040 ‘slaqrare
590 2974 832 3037 coepisset,
867 2989 1070 3036 cumque
1098 2971 1249 3019 simul
1265 2980 1385 3019 esset

360 3057 534 3102 mixtio
557 3062 877 3119 consequuta,
906 3069 1088 3101 nexum
1119 3053 1249 3100 hunc
1278 3070 1388 3101 mu-

364 3146 504 3184 tuum
517 3136 800 3202 cupidinem
814 3134 1122 3202 appellarunt
1137 3172 1150 3195 7
1175 3146 1265 3184 etc.
1286 3136 1388 3185 fuse

359 3222 487 3269 euim
517 3220 640 3267 hanc
673 3220 1034 3283 descriptionem
1063 3219 1383 3285 persequitur,

354 3320 496 3367 quam
516 3304 713 3368 quisque
743 3301 862 3350 ibid.
899 3301 1054 3349 videre
1082 3302 1270 3365 poterit.
1304 3301 1385 3349 In-

355 3396 478 3433 terea
510 3402 566 3432 ex
595 3382 668 3431 his
691 3393 815 3447 patet
848 3386 1041 3432 istarum
1059 3386 1383 3449 cosmogonia-

357 3485 461 3516 rum
492 3469 541 3517 in
573 3469 629 3514 iis
651 3504 663 3526 7
699 3481 802 3532 quae
832 3466 892 3514 ad
916 3465 1223 3516 substantiam
1254 3484 1386 3532 spec-

356 3560 486 3609 tant,
520 3550 638 3597 mira
672 3550 935 3597 consensio.

428 3631 489 3695 (l)
531 3630 683 3696 Quare
735 3632 900 3679 merito
938 3628 1002 3680 D.
1048 3630 1382 3696 Frayss'inous,

363 3707 567 3776 Defensa
584 3713 652 3761 du
675 3712 859 3762 Christ.
876 3730 941 3763 ou
967 3713 1275 3777 confhrences
1297 3731 1386 3764 sur

1467 1648 1515 1699 la
1543 1650 1779 1715 reliqion7
1810 1663 1926 1702 tom.
1956 1671 1993 1701 11
2014 1690 2027 1717 ,
2051 1655 2229 1704 confer.
2257 1672 2305 1705 v1
2324 1693 2337 1714 ,
2369 1659 2490 1706 circa

1469 1733 1678 1781 medium
1713 1737 1894 1800 scripsit
1929 1754 1941 1783 :
1965 1735 2190 1785 Des-lora
2216 1754 2342 1785 nous
2362 1733 2489 1787 som-

1468 1832 1567 1863 mes
1605 1833 1666 1863 en
1697 1817 1828 1866 droit
1857 1818 1914 1866 de
1939 1817 2047 1867 dire
2076 1836 2177 1867 ausc
2200 1820 2449 1885 qeoloques
2470 1843 2487 1869 .-

1467 1898 1694 1946 Fouillez
1727 1909 1832 1948 tant
1863 1918 1955 1965 que
1983 1919 2101 1949 vous
2128 1902 2338 1952 voudrez
2368 1903 2492 1952 dans

1467 1979 1532 2028 les
1549 1982 1792 2030 entrailles
1818 1983 1875 2031 de
1895 1983 1943 2031 la
1969 1993 2125 2046 terre7
2157 1987 2204 2032 si
2225 2003 2307 2033 vos
2331 1987 2490 2035 obser-

1467 2065 1659 2111 vatione
1701 2081 1761 2112 ne
1810 2065 2103 2114 demandent
2146 2084 2240 2131 pas
2282 2078 2373 2132 que
2421 2067 2488 2116 les

1453 2147 1600 2211 Jours
1629 2146 1684 2194 de
1715 2145 1763 2194 la
1789 2150 2007 2195 creation
2035 2150 2192 2196 soient
2212 2148 2328 2214 plus
2353 2149 2486 2214 lonqs

1467 2245 1557 2293 que
1590 2246 1676 2277 nos
1690 2231 1839 2295 jours
1865 2230 2141 2278 ordinaires
2160 2269 2173 2291 7
2205 2248 2327 2279 nous
2369 2249 2485 2281 con-

1467 2311 1717 2359 tinuerons
1737 2311 1794 2359 de
1823 2314 1993 2360 suivre
2015 2312 2057 2360 le
2086 2315 2344 2361 sentiment
2358 2330 2487 2363 com-

1467 2409 1590 2440 mun
1613 2410 1700 2441 sur
1730 2393 1777 2441 la
1804 2393 1949 2442 duree
1977 2394 2034 2442 de
2060 2412 2135 2442 ces
2153 2396 2299 2460 jourls
2313 2413 2334 2457 ;
2356 2398 2489 2445 siau

1467 2478 1709 2523 contraire
1748 2493 1863 2524 vous
1900 2477 2164 2525 decouvrez
2198 2476 2347 2525 d'une
2382 2495 2489 2526 ma-

1468 2559 1602 2606 niere
1629 2558 1844 2606 evidente
1864 2598 1877 2620 7
1911 2577 2004 2625 que
2033 2559 2076 2608 le
2109 2560 2241 2625 qlobe
2271 2568 2488 2608 terrestre

1469 2657 1581 2688 avec
1608 2658 1680 2688 ses
1695 2641 1889 2707 plantes
1917 2650 1962 2689 et
2001 2659 2073 2690 ses
2105 2644 2348 2691 animaua·
2386 2643 2491 2691 doit

1469 2724 1564 2770 etre
1596 2723 1653 2771 de
1690 2724 1933 2790 beaucoup
1962 2723 2076 2789 plus
2106 2726 2283 2772 ancien
2318 2742 2409 2789 que
2445 2724 2488 2772 le

1467 2822 1611 2869 yenre
1626 2806 1834 2854 hum-ain
1849 2842 1863 2866 ,
1887 2805 1935 2853 la
1962 2805 2144 2853 Genese
2168 2804 2348 2855 n'aura
2377 2808 2486 2855 rien

1469 2888 1527 2934 de
1555 2890 1800 2935 contraire
1832 2889 1863 2935 ὰ
1903 2896 2016 2936 cette
2049 2887 2328 2936 decouverte
2343 2906 2365 2950 7·
2402 2904 2487 2938 car

1469 2969 1510 3016 il
1532 2986 1650 3017 vous
1674 2979 1742 3017 est
1755 2971 1943 3035 permis
1973 2970 2030 3016 de
2063 2973 2171 3018 voir
2210 2970 2333 3018 dans
2369 2970 2486 3020 cha·

1468 3069 1565 3100 eun
1592 3052 1675 3100 des
1709 3054 1789 3100 sia·
1806 3055 1955 3116 Jours
1983 3061 2160 3101 aucant
2185 3054 2242 3102 de
2262 3054 2490 3119 periodee

1469 3134 1525 3182 de
1554 3143 1704 3201 temps
1734 3135 2131 3196 indeterminees7
2179 3145 2223 3184 et
2250 3135 2375 3184 alors
2407 3153 2489 3185 vos

1469 3217 1766 3266 decouvertes
1809 3220 2019 3266 seraiene
2061 3217 2103 3266 le
2148 3220 2490 3268 commentaire

1469 3300 1733 3368 emplicatif
1752 3299 1874 3349 d'un
1894 3318 2102 3367 passaqe
2118 3338 2131 3360 ‚
2169 3302 2285 3350 dont
2312 3301 2352 3348 le
2378 3318 2490 3349 sens

1468 3383 1594 3432 n'est
1602 3401 1698 3450 pas
1713 3385 2025 3432 entierement
2034 3384 2150 3448 fixe.
2174 3383 2230 3432 In
2249 3383 2339 3433 hoc
2356 3400 2489 3449 porro

1468 3467 1663 3533 aliisque
1679 3466 1911 3515 similibus
1930 3470 2235 3531 argumentis,
2251 3468 2302 3514 in
2317 3466 2491 3532 quibus

1468 3559 1550 3597 aut
1576 3566 1684 3597 cum
1706 3551 1987 3596 astronomis
2019 3560 2100 3597 aut
2121 3548 2351 3614 physicis,
2376 3548 2490 3613 chy-

1468 3633 1600 3681 micis
1618 3668 1632 3691 7
1651 3632 1855 3696 geologis
1879 3631 2111 3695 agendum
2129 3641 2196 3680 est
2209 3668 2222 3690 7
2243 3647 2490 3696 nunquam

1468 3714 1709 3779 theologus
1760 3724 2000 3779 praetereat
2043 3711 2265 3780 praeclara
2315 3713 2492 3762 monita
