2580 4152
315 184 438 245 238
971 209 1171 244 macr.
1217 207 1286 244 DE
1330 208 1435 244 mio
1479 209 1782 248 CREATORR

397 350 536 410 509.
581 352 649 408 20
681 356 807 408 Non
843 369 966 407 esse
997 347 1480 407 confundendam
1523 354 1887 413 voluntatem
1941 377 2076 415 cum
2130 360 2440 435 libertate,

314 448 449 530 quia
479 457 639 505 actus
679 455 874 525 potest
910 464 1035 503 csse
1067 444 1319 502 maxime
1350 443 1712 506 voluntarius
1735 495 1750 523 .,
1781 452 1888 509 etsi
1924 475 2045 512 non
2078 454 2151 512 sit
2182 454 2351 515 liber.

398 542 534 601 510.
584 541 649 600 30
680 539 920 599 Nullam
946 541 1073 600 dari
1096 539 1433 599 libertatem
1453 586 1468 615 ἢ
1499 540 1601 599 ubi
1624 565 1747 601 non
1769 545 1942 606 datur
1969 549 2126 608 locus
2150 550 2440 611 electioni.

313 641 432 700 Nec
466 636 648 695 ullam
686 635 812 695 dari
852 636 1232 706 electionem,
1263 635 1365 694 ubi
1400 658 1519 694 non
1549 637 1758 698 saltem
1800 639 1915 700 duo
1953 643 2282 705 habeantur
2321 659 2444 707 ter-

310 733 460 793 mini
487 733 938 814 comparationis
956 776 972 806 a
996 733 1059 790 in
1085 754 1339 813 quorum
1367 730 1720 792 alterutrum
1747 735 1951 796 cadere
1982 741 2163 819 possit
2193 742 2395 801 electio
2424 790 2439 819 ,

309 841 412 888 aut
436 828 538 887 ubi
564 829 679 888 dici
703 840 993 911 nequeat:
1029 829 1198 907 Optio
1225 829 1346 888 hoec
1375 839 1485 888 tua
1512 841 1626 905 θείς
1656 842 1865 890 utram
1891 833 2114 895 harum
2137 840 2278 898 velis
2301 861 2443 898 con-

308 928 593 984 ditionem
621 970 637 1001 ‚
682 947 818 984 eam
850 947 1070 983 sumas,
2470 916 2473 921 ’

392 1022 532 1080 511.
584 1020 651 1079 40
679 1023 962 1081 Naturam
1007 1020 1290 1081 libertatis
1322 1068 1337 1098 7
1377 1021 1450 1081 de
1487 1044 1603 1104 qua
1647 1022 1942 1105 loquimur
1973 1071 1988 1099 7
2029 1028 2265 1108 proprie
2299 1050 2442 1088 con-

307 1116 514 1177 sistere
547 1118 610 1176 in
636 1117 1009 1177 antecedenti
1041 1118 1416 1178 immunitate
1448 1141 1480 1178 a
1511 1141 1879 1202 quacumque
1916 1120 2148 1182 interna
2183 1126 2438 1184 necessi-

308 1227 463 1290 tate„
511 1215 633 1275 sive
667 1215 929 1294 physica
983 1215 1106 1276 sive
1156 1218 1409 1286 moralis
1460 1227 1561 1275 aut
1614 1216 1726 1275 alio
1781 1239 2150 1300 quocumque
2202 1222 2444 1282 nomine

311 1322 582 1383 vocetur,
613 1332 726 1393 qua
757 1309 1000 1369 tollatur
1034 1311 1429 1372 indifferentia
1469 1312 1544 1371 ad
1589 1311 1934 1372 electionem
1970 1316 2125 1374 inter
2165 1316 2311 1376 duos
2342 1328 2444 1376 aut

308 1407 506 1490 plures
543 1407 827 1466 terminos
853 1407 974 1467 sive
1005 1409 1303 1489 oppositos
1340 1408 1463 1468 sive
1491 1408 1782 1484 diverSOS‚
1831 1421 1891 1468 et
1915 1456 1930 1485 ,
1965 1411 2010 1469 si
2040 1423 2326 1492 praeterea
2368 1413 2441 1472 de

306 1504 549 1563 homine
576 1502 639 1560 in
667 1504 947 1582 praesenti
979 1514 1137 1561 statu
1165 1525 1358 1563 sermo
1384 1505 1460 1562 sit
1487 1550 1503 1580 .,
1540 1505 1697 1563 inter
1727 1507 2013 1564 terminos
2049 1506 2159 1566 sibi
2205 1519 2444 1568 contra-

306 1600 442 1659 rios‚
474 1599 627 1657 Hinc
663 1608 752 1656 est
781 1597 943 1679 quod
981 1599 1233 1658 libertas
1264 1601 1684 1680 indzffei‘entioe
1711 1611 1771 1659 et
1799 1603 2058 1660 arbitrii
2078 1602 2256 1663 etiam
2284 1626 2443 1663 nun-

306 1707 591 1778 cupetur7
634 1716 741 1777 per
778 1716 957 1776 quam
990 1694 1170 1754 homo
1216 1716 1354 1756 vere
1405 1695 1617 1755 dicitur
1659 1707 1718 1756 et
1757 1708 1846 1756 est
1882 1696 2155 1758 dominus
2200 1721 2438 1760 suarum

307 1793 627 1852 actionum.

390 1889 534 1948 512.
584 1889 876 1948 Secundo,
913 1887 1003 1948 Ad
1025 1888 1481 1969 intelligentiam
1518 1900 1788 1950 veterum
1818 1899 2151 1964 auctorum⁷
2183 1913 2436 1973 quorum

305 1986 650 2046 auctoritate
687 1985 1038 2044 Jansenistae
1076 1985 1328 2066 pessime
1367 1984 1728 2057 abutuntur,
1754 1983 2237 2045 animadvertisse
2278 1988 2438 2069 pari-

306 2093 398 2140 ter
433 2080 689 2160 juverit,
734 2082 796 2138 10
837 2092 1063 2141 veteres
1100 2081 1320 2162 passim
1361 2085 1775 2140 voluntarium
1808 2091 1868 2139 et
1891 2091 2289 2160 spontaneum
2330 2105 2438 2164 pro

307 2177 490 2237 libero
519 2198 803 2258 usurpare
834 2177 956 2258 (l)3
985 2177 1053 2234 20
1097 2175 1379 2237 vocabula
1414 2178 1739 2235 voluntatis
1768 2187 1827 2235 et
1860 2178 2157 2235 libertatis
2187 2178 2441 2238 vicissim

307 2294 538 2333 sumere
568 2273 688 2353 (2)3
720 2273 785 2332 30
821 2292 972 2355 saepe
1009 2272 1370 2332 confundere
1399 2277 1803 2332 necessitatem
1844 2293 1977 2332 cum
2010 2264 2304 2333 coactione
2325 2320 2340 2350 a
2381 2277 2444 2333 vi

305 2382 484 2453 atque
521 2369 842 2443 violentiat,
886 2369 952 2427 4⁰
982 2367 1285 2427 interdum
1323 2369 1501 2429 etiam
1541 2367 1879 2427 libertatem
1917 2371 2264 2428 naturalem
2307 2391 2441 2428 cum

305 2466 579 2526 libertate
642 2467 869 2524 morali
900 2491 915 2540 3
965 2465 1122 2524 idem
1181 2464 1337 2524 dicas
1397 2464 1470 2524 de
1551 2465 1832 2524 servitute
1876 2464 1987 2545 (3).
2038 2466 2178 2539 Quae
2230 2467 2278 2525 si
2305 2510 2327 2538 ,
2373 2475 2440 2524 ut

305 2584 415 2646 par
453 2573 564 2637 est,
609 2560 685 2621 ob
723 2561 918 2620 oculos
951 2559 1319 2636 habeantur,
1361 2561 1556 2619 omnia
1586 2560 1969 2640 disjicientur7
2009 2581 2136 2644 quae
2174 2560 2248 2619 ad
2274 2582 2438 2619 suam

305 2657 825 2718 communiendam
861 2658 1215 2717 sententiam
1257 2678 1360 2716 seu
1404 2656 1670 2717 haeresim
1721 2657 2037 2719 adversarii
2085 2656 2390 2738 proferunt
2416 2703 2431 2731 7

305 2766 373 2814 ut
401 2777 470 2815 ex
503 2753 765 2815 dicendis
791 2752 1035 2835 patebit.

389 2850 528 2909 513.
580 2851 683 2909 His
698 2850 895 2931 itaque
923 2847 1191 2909 delibatis
1208 2891 1228 2921 ,
1248 2847 1412 2907 facile
1439 2848 1518 2907 sic
1534 2853 1660 2928 jam
1674 2859 1953 2908 assertam
1978 2846 2438 2929 propositionem

306 2946 662 3006 adstruimus
692 2957 751 3006 et
786 2945 1150 3007 vindicamus
1177 2967 1190 3002 ε
1224 2945 1413 3003 Etiam
1447 2946 1510 3003 in
1543 2955 1699 3004 statu
1727 2955 1951 3004 naturae
1986 2943 2164 3026 lapsae
2195 2943 2270 3002 ad
2310 2964 2438 3003 me-

305 3042 564 3102 rendum
598 3041 695 3104 vel
727 3041 1158 3102 demerendum
1202 3062 1325 3099 non
1366 3040 1577 3100 sufficit
1616 3040 1855 3101 libertas
1885 3062 1917 3100 a
1954 3041 2284 3116 coactione,
2333 3038 2437 3099 sed

305 3150 586 3222 praeterea
617 3139 937 3220 requiritur
963 3135 1202 3196 libertas
1233 3158 1265 3195 a
1287 3137 1654 3213 necessitate,
1684 3137 1732 3205 si
1757 3136 1882 3196 haec
1916 3137 2229 3197 necessitas
2257 3136 2434 3196 etiam

304 3235 371 3294 in
400 3233 510 3293 hoc
535 3244 693 3292 statu
729 3236 918 3293 omnis
947 3233 1144 3293 meriti
1169 3253 1233 3292 ac
1265 3232 1536 3294 demeriti
1574 3232 1865 3293 rationem
1904 3253 2141 3316 prorsus
2182 3230 2338 3292 tollit
2368 3252 2433 3291 ac

307 3328 577 3390 destruit.
608 3330 785 3412 Atqui
793 3373 907 3390 .....

374 3563 450 3626 (l)
480 3564 550 3612 Ita
566 3562 616 3613 S.
635 3562 918 3630 Augustinus
934 3581 1030 3611 non
1047 3564 1188 3612 semel
1201 3564 1331 3624 dicit,
1420 3563 1501 3612 De
1533 3563 1697 3630 Opvfi,
1729 3565 1814 3613 lib.
1847 3583 1898 3613 111
1917 3602 1930 3626 ‚
1954 3583 2059 3631 cap.
2084 3582 2127 3614 vt
2151 3575 2195 3613 et
2218 3582 2319 3630 cap.
2348 3581 2432 3613 xu-

308 3645 454 3695 libere
483 3646 636 3696 Deum
674 3649 823 3695 vivere
843 3684 856 3707 ‚
891 3649 1105 3712 quamvis
1134 3649 1334 3695 maxime
1485 3646 1554 3712 (2)
1593 3645 1691 3695 Csr.
1726 3648 1883 3697 Petav.
1918 3649 2036 3697 ibid.
2067 3665 2172 3713 cap.
2204 3663 2288 3695 vu.

308 3732 619 3778 necessarium
635 3732 691 3779 sit
708 3747 814 3779 eum
833 3728 1004 3779 vivere.
1021 3729 1118 3778 Cfr.
1148 3729 1327 3791 Petav.‚
1485 3727 1549 3793 (3)
1586 3727 1789 3778 Ibidem.
