2580 4152
366 126 487 186 210

996 146 1202 186 TRACT.
1251 151 1320 186 ΒΕ
1363 151 1470 187 1)Εο
1513 151 1821 190 ΟΒΕΔΤΟΒΕ.

448 291 592 350 441.
631 290 721 350 Ad
740 289 848 361 3¹1¹,
866 289 1026 348 Dist.
1049 289 1198 348 Cum
1221 290 1553 351 exclusione
1578 305 1771 354 reatus
1786 294 2023 355 actualis
2038 297 2282 378 peccati,
2301 319 2491 373 conc.;

357 411 503 448 cum
527 385 858 446 exclusione
885 395 1080 443 reatus
1108 385 1297 468 culpae
1320 387 1669 467 originariae,
1687 411 1817 471 neq.
1850 391 2002 451 Alias
2034 415 2156 452 non
2178 414 2276 452 eos
2313 393 2495 454 dixis—

369 495 459 544 set
483 482 783 561 supplicio
803 481 1086 540 obnoxios
1116 493 1178 541 et
1203 484 1290 541 ad
1308 494 1560 543 mortem
1583 485 1916 563 dammum,
1945 510 2076 569 quae
2104 500 2336 548 reatum
2365 512 2498 573 sup-

369 588 638 661 ponunt,
680 588 749 635 ut
778 598 917 636 vera
954 575 1122 651 sint3
1167 577 1431 660 alioquin
1475 580 1792 640 censuisset
1835 582 1890 640 S.
1939 584 2112 643 Pater
2152 585 2496 645 innocentes

390 672 682 756 supplicio
714 672 954 731 affectos
985 672 1152 754 quod
1177 685 1332 733 esset
1373 675 1726 753 injustitiam
1763 677 1884 735 Deo
1908 677 2166 739 tribuere
2189 726 2205 754 .,
2250 691 2315 739 ut
2352 681 2498 741 defi-

368 771 523 832 nivit
567 768 836 851 Synodus
877 769 1080 828 Araus
1141 770 1194 828 ΙΙ
1225 815 1242 845 .‚
1304 791 1432 829 can.
1477 772 1552 829 ΙΙ.
1604 770 1719 831 Ubi
1756 794 1878 830 non
1922 784 2011 832 est
2056 775 2452 835 omittendum
2479 824 2494 853 ,

370 868 432 927 S.
479 867 653 925 Joan.
699 863 1182 944 Chrysostomum
1228 865 1426 924 minus
1474 865 1627 927 clare
1674 868 2005 950 exposuisse
2044 882 2363 948 peccatum
2397 895 2501 953 ye-

367 967 681 1023 neratione
713 971 1093 1020 contractum
1115 1004 1138 1034 ,
1171 982 1243 1021 ex
1279 983 1465 1044 eoque
1491 962 1718 1022 illatam
1750 975 2000 1022 mortem
2038 969 2266 1023 animoe
2285 1011 2301 1040 ‚
2329 979 2396 1026 ut
2429 969 2500 1026 fi-

371 1058 531 1119 deles
553 1102 569 1132 ,
612 1079 756 1139 quos
790 1055 1095 1116 erudiebat
1117 1101 1134 1131 ‚
1169 1057 1375 1140 procul
1412 1070 1634 1119 arceret
1669 1057 1744 1118 ab
1777 1059 2106 1135 erroribUS‚
2148 1083 2293 1143 quos
2318 1062 2502 1121 tradi-

370 1155 582 1216 derant
600 1153 899 1213 Manichaei
911 1197 932 1226 ,
952 1175 1213 1235 quosque
1243 1154 1572 1214 Massaliani
1604 1154 2093 1215 disseminabant.
2123 1159 2501 1216 Peccatorum

370 1251 690 1311 actualium
730 1250 1089 1333 principium
1124 1261 1336 1308 natura
1372 1272 1473 1309 sua
1512 1250 1737 1310 malum
1777 1250 2131 1311 adserebant
2177 1252 2497 1311 Manichaei.

374 1347 672 1408 Catholica
691 1346 956 1406 doctrina
983 1346 1056 1406 de
1068 1356 1305 1428 peccato
1328 1346 1593 1427 originali
1611 1346 2011 1406 abutebantur
2035 1346 2367 1407 Massaliani
2389 1349 2411 1427 (
2420 1348 2496 1429 1).

376 1443 466 1505 Ab
507 1443 597 1503 his
630 1441 926 1504 erroribus
959 1453 1027 1500 ut
1060 1441 1171 1500 sibi
1201 1454 1436 1502 caveret
1467 1441 1916 1522 Chrysostomus
1946 1487 1961 1517 7
1988 1441 2341 1523 eosdemque
2372 1465 2505 1523 pro-

374 1540 465 1601 cul
494 1550 720 1600 arceret
741 1561 773 1597 a
793 1537 1058 1597 fidelium
1079 1536 1401 1612 mentibuS,
1426 1538 1507 1597 ita
1532 1536 1714 1598 verba
1740 1559 1842 1596 sua
1858 1538 2213 1619 temperavit
2237 1538 2302 1596 in
2325 1560 2506 1620 quaes-

373 1634 535 1695 tione
569 1634 642 1694 de
666 1645 903 1717 peccato
930 1630 1232 1714 originali,
1262 1645 1329 1691 ut
1356 1633 1553 1694 minus
1595 1644 1862 1693 accurate
1893 1632 1966 1692 de
2005 1633 2230 1715 peccati
2265 1632 2506 1693 traduce

375 1733 556 1812 egisse
582 1731 883 1807 videatur,
929 1742 997 1790 ut
1032 1728 1310 1792 observat
1345 1731 1422 1789 Le
1454 1729 1645 1802 Quien
1682 1728 1803 1811 (2),
1847 1729 1928 1788 ita
1958 1739 2024 1788 ut
2070 1729 2249 1811 primi
2275 1727 2502 1811 peccati

455 1921 522 1987 (l)
557 1921 768 1970 Docebat
796 1922 925 1969 enim
952 1930 998 1969 et
1018 1920 1152 1969 docet
1167 1918 1372 1969 Ecclesia
1389 1956 1403 1978 ‚

379 2008 586 2054 animam
632 2003 746 2052 Adae
789 2003 850 2051 ob
890 2012 1133 2069 peccatum
1174 2011 1405 2052 mortuam

379 2105 476 2136 esse
494 2126 507 2146 ‚
543 2097 588 2135 et
612 2085 854 2134 diabolum
880 2088 932 2132 in
968 2102 1044 2132 cor
1073 2087 1174 2151 ejus
1196 2084 1405 2149 ingredi,

382 2173 465 2236 qui
491 2179 670 2235 peccat.
699 2168 809 2215 Haec
837 2167 1004 2215 eadem
1031 2168 1240 2215 haeretico
1267 2184 1406 2215 sensu

382 2252 648 2300 Massaliani
690 2249 950 2298 tradebant.
985 2248 1111 2298 Duas
1149 2252 1322 2315 quippe
1355 2251 1406 2297 in

382 2334 595 2401 quolibet
646 2333 838 2380 homine
895 2333 1075 2380 animas
1124 2331 1363 2397 ponebant
1389 2368 1403 2392 ‚

380 2432 681 2465 commanem
706 2431 848 2463 unam
873 2452 887 2475 ‚
918 2413 1149 2462 coelestem
1177 2414 1367 2463 alteram
1389 2451 1403 2475 ‚

381 2517 475 2566 qua
520 2517 601 2564 per
640 2507 885 2563 peccatum
923 2498 1110 2547 exclusa
1134 2532 1152 2559 ‚
1198 2507 1407 2546 mortuus

384 2584 527 2631 homo
576 2592 859 2651 censeretur.
918 2580 1116 2630 Aiebant
1166 2580 1408 2629 diabolum

383 2682 492 2714 cum
523 2665 716 2713 homine
741 2673 982 2730 peccatore
1015 2661 1254 2726 οὖσιοδῶς,
1292 2663 1408 2712 sub-

383 2746 679 2795 stantialiter
695 2745 951 2812 conjungi,
970 2765 1057 2796 nec
1075 2747 1167 2795 ulla
1186 2746 1409 2813 baptismi

384 2831 625 2879 alteriusve
648 2832 923 2879 sacramenti
949 2832 1120 2879 virtute
1140 2829 1293 2895 abigi,
1319 2831 1409 2878 nisi

385 2930 468 2977 per
495 2914 767 2961 orationem.
802 2911 903 2962 Cfr.
931 2912 1003 2962 De
1032 2912 1207 2961 Rubeis
1227 2950 1241 2973 ‚
1267 2911 1407 2960 Dies.

384 2993 442 3042 de
461 3010 596 3059 pecc.
630 2996 751 3058 oriq.
788 3011 893 3060 cap.
926 3012 991 3044 ιιι
1010 3033 1023 3055 ,
1052 2993 1095 3060 3.
1128 2992 1163 3058 4
1183 3032 1197 3055 ,
1229 3004 1275 3043 et
1305 3011 1408 3060 cap.

384 3092 498 3123 xxvi
519 3113 533 3137 ‚
565 3074 611 3141 3.
655 3094 699 3126 ι.

454 3159 530 3221 (2)
564 3157 613 3206 S.
655 3158 795 3207 Joan.
822 3156 1042 3208 Damaso.
1085 3156 1165 3206 De
1196 3157 1297 3222 fide
1334 3175 1412 3206 or-

386 3240 592 3289 thodoxa
612 3276 625 3300 ‚
659 3240 748 3289 lib.
787 3258 825 3287 ιι
845 3278 858 3300 ,
900 3258 1001 3306 cap.
1033 3259 1150 3300 xxx,
1189 3251 1291 3288 not.
1321 3241 1407 3289 ult.

386 3325 470 3371 ubi
522 3325 647 3371 inter
697 3332 848 3371 cetera
899 3323 1119 3373 describit
1169 3321 1221 3371 S.
1268 3322 1410 3372 Joan.

389 3405 856 3471 Chrysostomiverba
871 3421 932 3453 ex
943 3407 1101 3453 Hom.
1117 3405 1173 3452 in
1188 3404 1328 3452 Psal.
1343 3405 1410 3469 L,

387 3489 447 3537 ad
490 3489 569 3537 illa
614 3488 756 3537 verba
797 3504 812 3534 ε
855 3485 987 3535 Ecce
1031 3488 1161 3535 enim
1209 3488 1267 3535 in
1309 3489 1414 3535 ini-

386 3570 659 3636 quitatibus
694 3578 946 3636 conceptus
980 3586 1088 3618 sum
1105 3606 1122 3633 ,
1166 3569 1249 3619 ubi
1292 3572 1354 3619 ait
1387 3587 1403 3619 ε

388 3642 709 3717 [niquitatem
747 3651 887 3701 illam
918 3652 1104 3717 profert
1136 3653 1154 3715 (
1181 3651 1403 3714 David),

379 3751 528 3800 quam
561 3737 724 3801 primi
759 3742 985 3801 parentes
1023 3751 1114 3801 per
1161 3750 1405 3784 suvnmum

1481 1917 1620 1981 nefas
1672 1918 1979 1967 admiserunt
2002 1957 2016 1979 ‚
2072 1936 2268 1985 eamque
2314 1920 2501 1985 factam

1479 2017 1578 2048 esse
1609 1999 1732 2049 dicit
1762 2000 1937 2049 horum
1960 2002 2263 2067 effluviorum
2290 2006 2501 2052 scaturi-

1476 2083 1656 2148 9inem.
1671 2082 1729 2131 N
1725 2084 1793 2131 isi
1805 2085 1936 2131 enim
1951 2083 2031 2132 illi
2033 2095 2311 2152 peccassent
2324 2125 2335 2147 ,
2352 2095 2500 2134 morte

1477 2181 1578 2229 non
1596 2174 1751 2213 essent
1774 2166 1984 2230 multati3
2006 2166 2196 2234 dempta
2216 2177 2383 2231 morte,
2406 2184 2503 2216 cor-

1477 2247 1714 2313 ruptelam
1767 2251 2031 2297 evasissent
2053 2271 2072 2308 ;
2114 2252 2500 2317 incorruptionis

1477 2332 1608 2378 socia
1635 2331 1763 2395 foret
1797 2332 2087 2380 immunitas
2116 2349 2147 2380 a
2171 2333 2503 2398 perturbatio-

1477 2415 1650 2477 nibus'3
1669 2413 1834 2463 nullus
1853 2424 2116 2482 superesset
2126 2425 2320 2482 peccato
2348 2416 2499 2465 locus.

1477 2496 1530 2544 E
1531 2514 1565 2545 ,τ
1589 2514 1681 2562 quo
1711 2507 1870 2546 autem
1891 2515 2151 2565 peccavere
2167 2537 2180 2560 ,
2200 2500 2505 2567 corruptioni

1477 2579 1666 2628 addicti
1686 2589 1801 2628 sunt
1814 2598 1836 2643 ‚·
1853 2581 2189 2648 corruptibiles
2210 2582 2338 2646 facti
2354 2618 2367 2642 ‚
2387 2597 2501 2629 con-

1477 2662 1663 2713 similes
1707 2663 1841 2728 fi'lios
1884 2672 2234 2731 procrearunt,
2288 2665 2344 2713 in
2387 2680 2503 2729 quos

1478 2746 1681 2794 subinde
1698 2749 1914 2808 timores,
1934 2746 2222 2812 cupiditates
2239 2783 2253 2806 ,
2272 2745 2504 2795 libidines

1479 2828 1781 2878 derivantur.
1820 2830 2036 2887 Attamen
2070 2829 2271 2877 Maurini
2307 2829 2503 2878 editores

1479 2912 1602 2960 hauc
1630 2912 1871 2960 homiliam
1900 2913 2019 2959 inter
2045 2914 2221 2976 spurias
2250 2913 2503 2978 rejiciunt3

1481 2995 1726 3059 desumpta
1749 3004 1901 3043 autem
1921 3003 2031 3042 sunt
2057 2994 2259 3042 adducta
2288 2994 2427 3043 verba
2449 3011 2505 3043 ex

1484 3076 1839 3124 Commentario
1857 3075 2155 3136 Theodorefi,
2173 3079 2223 3123 in
2239 3076 2366 3125 hunc
2375 3094 2504 3125 eum-

1482 3158 1589 3207 dem
1606 3157 1855 3207 Psalmum.
1874 3158 2088 3207 Ceterum
2106 3158 2245 3207 Joau.
2263 3158 2500 3224 Chrysost.

1482 3250 1687 3289 mentem
1716 3245 1834 3289 circa
1866 3243 2042 3305 peccati
2070 3241 2302 3306 originalis
2331 3257 2499 3306 propa-

1480 3325 1710 3387 gationem
1741 3323 1863 3371 bene
1891 3325 2086 3373 assecuti
2114 3333 2223 3374 sunt
2247 3322 2499 3389 Theophy-

1481 3406 1628 3456 lactus
1653 3415 1698 3453 et
1721 3403 2071 3466 OEcumenius,
2095 3407 2175 3471 qui
2204 3422 2314 3457 eum
2342 3414 2395 3456 ut
2413 3404 2501 3452 du-

1483 3505 1584 3536 cem
1619 3498 1876 3553 sequuntur
1903 3490 1954 3536 in
1982 3486 2356 3536 Commentariis
2385 3488 2498 3535 suis.

1488 3569 1585 3619 Cfr.
1632 3569 1801 3619 horum
1851 3568 2200 3618 Commentarii
2245 3571 2297 3618 in
2332 3585 2436 3632 cap.
2473 3586 2502 3615 v

1490 3652 1701 3721 Epistolae
1737 3653 1798 3703 ad
1826 3653 2079 3704 Romanos.
