2580 4152
298 297 451 334 PART.
486 298 524 334 1.
552 296 672 332 CAP.
705 294 762 334 Va
792 295 860 330 DE
890 295 1181 332 DAEMONUM
1213 295 1334 332 CUM
1362 293 1673 332 HOMINIBUS
1702 294 2046 333 COMMERCIO.
2138 275 2214 333 65

96 437 398 496 hominem
425 434 745 494 'admonuit
774 478 791 501 ,
835 445 903 492 ut
943 435 1005 492 in
1050 456 1110 493 se
1149 447 1487 514 agnosceret
1523 434 1788 494 omnium
1822 435 2221 518 ‘cupiditatum

94 533 444 614 pravitatem
467 550 539 588 ex
568 528 735 610 culpa
762 530 1204 610 progenitorum
1231 530 1534 589 inductam
1552 576 1567 605 7
1589 551 1715 612 quae
1743 532 2008 611 omnium
2031 531 2214 612 malo-

95 649 228 685 rum
253 625 435 685 veluti
459 624 588 682 fons
612 635 671 682 et
694 623 860 681 radix
883 624 1102 682 nefaria
1134 635 1257 697 est3
1287 636 1375 683 ast
1407 625 1584 683 simul
1608 625 1883 684 eumdem
1911 625 2217 685 hominem

97 720 291 779 docuit
318 765 333 793 7
373 718 672 777 diabolum
709 730 992 799 tanquam
1037 718 1270 778 leonem
1302 720 1631 800 rugientem
1672 721 1911 779 circuire
1944 741 2217 801 quaeren-

95 824 214 874 tem
236 859 251 888 7
279 835 455 894 quem
477 812 720 874 devoret
748 812 839 892 (l)
861 859 875 887 7
909 835 970 872 se
1002 812 1219 872 habere
1255 813 1726 874 colluctationem
1755 837 1877 874 non
1902 815 2092 875 solum
2121 816 2221 874 ad-

95 930 295 967 versus
346 929 582 966 carnem
624 920 683 966 et
717 909 1060 986 sanguinem
1084 953 1099 982 7
1139 908 1241 967 sed
1275 910 1451 967 etiam
1497 911 1785 983 advers-us
1820 916 2139 991 principes
2167 922 2226 970 et

83 1014 393 1082 potestates
421 1047 434 1076 7
463 1004 748 1061 adversus
775 1004 998 1060 mundi
1030 1014 1275 1061 rectores
1298 1005 1686 1062 tenebrarum
1717 1006 1943 1064 harum
1956 1049 1977 1078 ,
2010 1017 2222 1065 eontra

97 1099 455 1177 spiritualia
484 1101 768 1176 nequitiae
804 1102 873 1154 in
907 1099 1234 1155 eoelestz’hus
1273 1097 1362 1175 (2)
1396 1142 1410 1170 7
1442 1097 1755 1179 docuitque
1786 1099 2031 1158 modum
2076 1106 2223 1179 ejus-

98 1193 258 1250 modi
286 1192 547 1251 hostibus
571 1191 878 1250 resistendi
900 1213 1114 1271 eosque
1142 1190 1441 1251 vincendi.
1474 1193 1694 1251 Neutra
1731 1195 1981 1274 proinde
2007 1197 2220 1257 veritas

98 1289 161 1346 in
195 1285 438 1345 dubium
456 1331 471 1360 7
506 1287 620 1344 nisi'
647 1306 755 1366 per
785 1307 1084 1343 summum
1110 1285 1272 1343 nefas
1293 1331 1308 1359 7
1334 1287 1596 1345 revocari
1621 1296 1834 1367 potest.

183 1379 319 1438 134.
354 1382 497 1456 Inst.
521 1381 668 1438 Usus
692 1378 899 1439 saltem
920 1380 1406 1454 exorcismorum7
1433 1381 1535 1462 qui
1561 1382 1623 1438 in
1651 1381 1896 1442 Ecclesia
1924 1384 2222 1447 Catholica

101 1473 373 1534 adversus
401 1474 822 1533 incantationes
868 1474 1050 1552 viget,
1084 1474 1245 1532 haud
1279 1496 1492 1554 parum
1531 1477 1757 1536 confert
1798 1478 1872 1537 ad
1906 1478 2219 1541 diabolicas

113 1568 551 1649 superstitiones
591 1568 748 1650 apud
774 1568 1022 1650 populos
1049 1560 1356 1643 fovendast,
1395 1592 1548 1650 ergo·

185 1662 322 1722 135.
372 1664 544 1744 Resp.
590 1664 742 1744 Ney.
794 1663 906 1723 Sed
941 1664 1167 1723 confert
1215 1665 1409 1746 potius
1452 1664 1529 1724 ad
1561 1664 1705 1741 hoc7
1755 1679 1823 1727 ut
1858 1670 2062 1752 populi
2106 1671 2218 1731 sibi

100 1757 492 1839 persuadeant
515 1803 531 1831 7
568 1758 675 1816 Dei
704 1758 1129 1839 omnipotentia
1168 1770 1228 1818 et
1265 1759 1479 1819 Christi
1521 1762 1744 1821 meritis
1773 1763 2054 1825 diabolica
2092 1789 2225 1825 mo-

100 1852 302 1911 limina
329 1853 596 1911 coerceri.
631 1853 701 1910 ln
737 1852 1052 1935 hypothesi
1079 1864 1277 1913 autem
1314 1853 1791 1917 adversariorum
1810 1903 1827 1934 7
1846 1864 2016 1937 juxta
2042 1883 2225 1942 quam

101 1946 462 2005 daemoniacae
486 1947 851 2028 operationes
873 1970 996 2006 non
1024 1947 1243 2007 dantur
1260 1994 1277 2023 7
1313 1949 1648 2027 inserviunt
1675 1955 1981 2014 exorcismi
2009 1956 2222 2018 saltem

103 2042 175 2101 ad
200 2041 599 2122 corrigendam
624 2042 947 2124 phantasiae
979 2042 1491 2125 perturbationem
1526 2048 2133 2133 tranquillitatemque
2159 2053 2224 2112 in

103 2137 325 2196 animos
359 2137 775 2196 inducendam.
812 2140 962 2198 Sane
988 2137 1147 2220 apud
1181 2140 1580 2199 Protestantes
1600 2186 1616 2216 7
1647 2143 1744 2223 qui
1774 2145 2033 2224 profecto
2061 2167 2227 2216 exor-

102 2231 304 2290 cismos
338 2253 469 2291 non
498 2232 686 2291 solum
716 2254 839 2291 non
873 2231 1161 2292 adhibent
1186 2278 1201 2307 7
1240 2233 1344 2293 sed
1369 2247 1761 2296 contemnunt
1780 2284 1795 2313 7
1828 2239 2015 2299 multo
2043 2243 2228 2323 magis

102 2326 350 2386 invaluit
388 2328 583 2409 opinio
631 2327 1050 2387 maleficiorum
1093 2328 1456 2412 aliarumque
1493 2331 1979 2393 daemoniacarum
2015 2359 2226 2419 opera-

106 2421 333 2479 tionum
354 2465 370 2496 7
404 2443 581 2503 quam
623 2422 782 2506 apud
818 2422 1145 2483 Catholicos
1175 2423 1300 2504 (3)3
1334 2425 1493 2486 idem
1521 2426 1751 2486 dicatur
1779 2428 1852 2488 de
1875 2431 2225 2513 antiquiori-

1203 2619 1337 2666 sione
1361 2636 1392 2667 a
1410 2619 1567 2668 simili
1585 2620 1849 2671 assurditcz.
1877 2623 2057 2671 Lutero
2082 2632 2225 2672 stesso

177 2612 238 2675 (l)
275 2630 291 2659 1
318 2612 417 2661 Pet.
446 2632 505 2672 v,
533 2611 586 2661 8.

176 2695 242 2757 (ἓ)
279 2694 398 2759 Eph.
426 2712 502 2754 vl,
546 2711 620 2742 12.

174 2774 240 2839 (3)
274 2775 428 2824 Placet
451 2777 528 2824 hic
554 2777 716 2825 afferre
735 2814 748 2836 7
775 2759 878 2843 quae
893 2778 1128 2843 Sprengel⁴

108 2874 186 2923 op.
216 2861 297 2906 cit.
329 2868 445 2906 tom.
479 2876 524 2906 Vl
545 2894 558 2916 ‚
599 2876 701 2924 pag.
738 2858 805 2907 68
833 2870 876 2907 ct
906 2858 974 2927 69
993 2898 1007 2919 7
1046 2859 1116 2908 his

103 2939 253 2987 verbis
296 2940 454 2988 scribit
492 2958 505 2988 :
545 2939 698 2988 Verso
734 2940 775 2987 il
804 2942 906 3004 fine
938 2941 1016 2989 del
1041 2959 1115 2990 se-

105 3019 328 3069 dicesimo
365 3021 510 3070 secolo
546 3025 592 3069 si
632 3031 882 3072 trovarono
908 3041 938 3071 a
969 3025 1023 3070 F
1020 3026 1115 3071 rie-

106 3101 271 3167 deberq
308 3103 386 3151 nel
433 3104 894 3169 Brandeburqltese7
931 3107 1027 3171 piic
1060 3106 1115 3154 di

116 3182 207 3230 150
233 3185 579 3247 indemoniati,
612 3204 636 3233 e
662 3187 884 3235 dilatossi
908 3174 955 3235 si*
980 3190 1115 3252 rapi-

107 3263 322 3312 damente
359 3283 383 3313 e
421 3269 466 3314 si
514 3268 913 3317 universalmente
956 3277 1116 3333 questo

103 3344 249 3404 male,
283 3334 436 3394 claeil
459 3351 719 3397 concistoro
756 3353 774 3410 (
805 3352 1112 3415 protestante)

100 3416 274 3475 ‘ordino
305 3445 335 3475 a
364 3428 433 3475 tal
451 3447 571 3496 uopo
600 3431 717 3479 delle
734 3434 875 3497 preci
887 3450 979 3498 per
998 3426 1122 3480 tutte⁴

107 3508 148 3556 le
175 3508 345 3558 chiese.
377 3509 627 3576 L'eqreqio
652 3515 816 3578 siqnor
849 3513 1079 3562 illoehsen
1097 3551 1111 3575 7

38 3627 42 3629 .
106 3590 169 3636 da
199 3593 282 3638 cui
299 3590 357 3638 ho
384 3592 579 3642 desumo
601 3605 757 3659 queste
784 3594 995 3657 notizie,
1012 3596 1115 3661 fece

106 3671 298 3732 vedere,
333 3673 415 3721 che
448 3673 494 3720 la
524 3676 724 3739 rison-ma
743 3713 757 3740 7
793 3678 997 3726 anziche
1019 3680 1115 3725 im-

98 3753 291 3816 pedire,
321 3755 497 3803 dovette
519 3773 795 3822 promovere
826 3759 873 3806 Ia
897 3776 1111 3825 propen-

270 3849 334 3906 T.
384 3849 484 3908 III.

1202 2716 1301 2747 mm
1322 2701 1450 2748 ando
1468 2718 1625 2750 scevro
1646 2703 1709 2750 da
1739 2704 1786 2750 si
1812 2705 2228 2769 vanipreqiudizi

1203 2780 1281 2827 del
1309 2798 1396 2829 suo
1426 2783 1575 2831 secolo
1596 2822 1609 2843 7
1646 2784 1702 2831 di
1734 2785 1870 2833 modo
1901 2785 1984 2832 che
2010 2788 2225 2853 ripeteva

1204 2863 1267 2910 da
1306 2863 1492 2911 diavolz'
1515 2867 1660 2928 quasi
1703 2873 1820 2913 tutte
1848 2865 1889 2914 le
1918 2866 2164 2930 malattie,
2198 2886 2225 2916 e

1203 2943 1246 2991 s'
1283 2945 1489 2993 adirava
1533 2954 1694 2994 contro
1733 2950 1848 3011 quei
1887 2950 2067 2997 medici
2077 2984 2094 3009 ‚
2139 2948 2224 2997 che

1202 3043 1408 3075 osavano
1425 3028 1663 3076 derivarle
1684 3028 1807 3076 dalle
1835 3046 1979 3078 cause
2004 3031 2228 3082 naturali

1203 3109 1381 3170 (Luth.
1412 3128 1521 3174 opp,
1556 3128 1604 3175 p.
1641 3127 1779 3171 xxu,
1810 3128 1918 3176 pag.
1975 3129 2126 3179 1171,
2166 3112 2222 3177 4.

1202 3190 1312 3239 Hal.
1358 3190 1535 3257 1743).
1577 3192 1755 3240 Asseri
1801 3193 1972 3242 inolere
1997 3230 2013 3257 ‚
2050 3194 2134 3242 che
2182 3194 2227 3243 il

1202 3272 1390 3320 diavolo
1411 3272 1483 3337 qli
1512 3290 1722 3339 apparve
1750 3276 1808 3322 in
1830 3276 1997 3339 fi'qura
2029 3275 2085 3323 di
2119 3294 2222 3324 mo-

1202 3370 1324 3402 naco
1363 3353 1481 3402 colle
1510 3357 1652 3403 mani
1687 3356 1809 3420 fatte
1848 3373 1879 3404 a
1921 3359 2066 3421 quisa
2095 3356 2224 3421 deqli

1203 3435 1373 3499 artiqli
1398 3434 1475 3483 de’
1503 3435 1722 3497 volatili,
1760 3455 1785 3485 e
1811 3438 1896 3486 che
1921 3438 1994 3501 qli
2020 3455 2222 3504 propo-se

1201 3519 1334 3564 varii
1364 3517 1615 3582 silloqismi
1640 3519 1838 3585 (quibus
1857 3537 2025 3583 nempe
2045 3521 2218 3567 induc-

1203 3609 1277 3647 tus
1302 3609 1370 3646 est
1389 3601 1448 3647 ad
1467 3600 1770 3649 eliminandas
1790 3604 1952 3650 missas
1970 3604 2217 3665 privatas).

1203 3678 1376 3739 Anclae
1411 3681 1692 3730 Melantone
1723 3681 1956 3730 coltivova
1979 3681 2026 3728 la
2051 3698 2219 3747 super·-

1203 3764 1408 3812 stizione
1446 3781 1471 3812 e
1511 3765 1557 3811 si
1589 3763 1826 3813 divereiva
1854 3765 1912 3811 in
1950 3773 2221 3813 racc-omaro

1940 3858 1976 3914 5
