2580 4152
308 174 430 236 23⁹2
889 227 897 237 .
966 198 1162 237 TaAcT.
1208 198 1279 237 ΒΕ
1324 200 1429 237 neo
1472 200 1779 240 cummim.

393 341 535 401 489.
585 341 652 399 4⁰
681 343 989 400 Peccatum
1018 340 1268 423 proinde
1300 341 1578 422 originale
1602 366 1702 404 seu
1730 346 1985 406 hominis
2009 344 2231 428 lapsus7
2273 363 2438 427 spec-

317 438 429 496 tari
458 447 691 523 tantum
735 446 934 517 potest
968 435 1134 496 velut
1184 448 1412 496 naturae
1447 437 1644 518 lapsus
1686 441 1749 498 in
1768 441 2064 516 'deterius7
2098 462 2229 522 quae
2257 462 2289 500 a
2320 443 2444 501 Deo

308 553 461 614 pura
491 541 668 611 atque
705 529 953 589 honesta
991 530 1066 588 ab
1104 532 1325 611 origine
1359 531 1593 590 condita
1628 545 1757 608 est3
1798 557 1863 595 ac
1887 541 1965 596 ita
2009 536 2275 596 sehabet
2299 540 2445 614 ejus-

312 625 475 685 modi
509 624 707 707 lapsus
749 637 809 685 et
849 625 1111 699 malum,
1153 627 1314 708 quod
1352 629 1492 687 inde
1527 628 1794 710 profluit,
1833 630 1908 689 ad
1942 645 2214 692 naturam
2241 678 2256 707 7
2300 633 2447 691 sicut

305 726 635 803 positivum
664 734 782 781 stat
805 722 881 781 ad
912 728 1282 803 negativum.
1323 725 1691 805 Distinguere
1718 725 1881 784 enim
1909 726 2190 788 debemus
2209 774 2223 802 7
2258 728 2447 799 aiunt,

311 829 547 900 partem
583 818 899 900 positivam
937 830 997 878 et
1020 819 1356 898 negativam
1389 831 1614 879 naturae
1639 820 1932 881 humanae.
1972 822 2267 904 Quidquid
2283 843 2449 905 spec—

314 925 406 973 tat
429 915 493 972 in
524 914 765 974 homine
794 912 869 973 ad
907 926 1141 997 partem
1173 916 1490 997 positivam
1513 962 1528 991 7
1561 927 1651 975 est
1679 916 1805 999 ipsa
1841 927 2052 975 natura
2083 938 2116 975 a
2152 919 2272 977 Deo
2307 939 2451 977 con-

316 1008 477 1083 dita3
528 1009 814 1091 quidquid
852 1022 1052 1070 autem
1089 1011 1430 1090 negativum
1480 1022 1569 1070 est
1627 1012 1690 1069 in
1738 1012 1989 1093 positivo
2025 1058 2041 1088 7
2103 1011 2454 1072 considerari

318 1104 497 1164 debet
519 1104 684 1167 velut
719 1107 953 1186 negatio
980 1128 1045 1166 ac
1070 1107 1360 1165 terminus
1390 1107 1700 1167 activitatis
1725 1108 2014 1167 creatricis
2041 1107 2147 1167 Dei
2175 1105 2357 1166 relate
2381 1106 2456 1165 ad

315 1199 652 1275 hominem7
683 1223 784 1261 seu
811 1201 976 1262 velut
1003 1201 1262 1261 defectus
1288 1201 1579 1261 ulterioris
1602 1203 1969 1284 perfectionis
1993 1204 2054 1262 in
2078 1202 2337 1261 humana
2358 1224 2459 1261 na-

316 1307 475 1356 tura.
511 1299 590 1357 Ac
612 1309 924 1380 propterea
944 1344 959 1372 7
988 1297 1148 1379 quod
1175 1296 1333 1356 idem
1351 1309 1439 1356 est
1455 1344 1470 1369 7
1500 1320 1573 1358 ex
1600 1299 1849 1358 istorum
1868 1298 2130 1358 doctrina
2155 1308 2460 1380 peccatum

322 1392 604 1473 originale
630 1415 751 1452 non
786 1394 1050 1453 consistit
1082 1394 1195 1451 nisi
1222 1394 1284 1451 in
1311 1393 1467 1453 malo
1496 1393 1895 1476 metaphysico
1915 1439 1931 1469 7
1969 1415 2071 1453 seu
2095 1395 2157 1452 in
2187 1404 2463 1454 creaturae

318 1487 597 1549 humanae
637 1489 989 1548 limitatione
1010 1495 1029 1562 ς’
1065 1509 1133 1548 eo
1164 1489 1325 1549 enim
1360 1489 1487 1572 ipso
1517 1489 1678 1572 quod
1715 1489 1895 1548 homo
1924 1490 2125 1548 finitus
2157 1500 2247 1549 est
2276 1534 2293 1564 7
2332 1509 2463 1571 pec-

321 1596 483 1642 cator
513 1595 601 1644 est
634 1583 747 1665 (1).

405 1679 547 1739 490.
598 1680 664 1737 50
691 1682 883 1753 Quare
910 1689 1104 1739 totum
1127 1679 1458 1740 humanum
1487 1701 1591 1740 ens
1619 1680 1846 1762 concipi
1879 1678 2056 1740 debet
2080 1679 2245 1742 velut
2280 1678 2470 1742 vitalis

325 1775 599 1858 quaedam
628 1798 736 1858 per
773 1777 1075 1835 internam
1111 1775 1302 1856 legem
1328 1775 1638 1857 dynamica
1665 1775 2001 1836 coordinata
2046 1775 2300 1837 evolutio
2320 1820 2336 1849 7
2365 1789 2472 1856 per

325 1894 507 1954 quam
564 1873 833 1955 opposita
896 1871 1008 1930 sihi
1062 1873 1319 1933 invicem
1363 1873 1646 1954 principia
1675 1918 1691 1947 7
1735 1872 1799 1930 in
1841 1873 2035 1953 primo
2080 1876 2205 1950 jam
2249 1870 2472 1930 semine

325 1968 551 2028 inclusa
573 2015 589 2044 7
615 1969 796 2049 magis
818 1990 1053 2050 semper
1071 1969 1370 2049 magisque
1398 1967 1775 2029 resolvuntur
1802 1987 1867 2025 ac
1890 1966 2343 2026 manifestantur
2364 1966 2474 2026 sub

325 2065 736 2127 diversissimis
766 2064 967 2122 formis
989 2109 1005 2137 7
1032 2068 1205 2143 juxta
1234 2062 1543 2123 relativam
1572 2061 2149 2145 praeponderantiam
2176 2063 2349 2121 unius
2379 2062 2477 2124 vel

328 2161 603 2233 alterius7
650 2171 751 2218 aut
791 2159 1159 2220 extolluntur
1211 2181 1319 2242 per
1357 2159 1567 2219 seriem
1610 2158 1900 2239 graduum
1947 2158 2186 2217 mirifice
2222 2160 2379 2218 inter
2415 2180 2477 2218 se

328 2257 805 2317 coordinatorum
843 2255 916 2315 ad
941 2278 1234 2314 summam
1263 2256 1398 2316 vitae
1421 2255 1746 2337 potentiam
1779 2256 1890 2335 (2).

414 2354 559 2412 491.
608 2353 695 2411 Ex
737 2352 848 2411 hac
904 2353 1332 2435 principiorum
1373 2350 1482 2409 sibi
1519 2351 1924 2433 oppositorum
1962 2349 2372 2410 colluctatione
2412 2370 2478 2409 ac

330 2448 577 2510 relativa
616 2448 921 2529 dynamica
961 2447 1345 2531 praevalentia
1393 2447 1515 2507 sive
1545 2447 1788 2506 rationis
1831 2468 2007 2528 super
2033 2445 2478 2505 sensibilitatem

331 2547 455 2606 sive
482 2543 880 2604 sensibilitatis
909 2566 1085 2626 super
1129 2546 1421 2602 rationem
1445 2589 1461 2617 7
1488 2542 1751 2602 inferunt
1787 2541 1983 2601 induci
2021 2542 2425 2601 necessitatem
2459 2585 2475 2614 7

332 2663 364 2700 a
404 2663 517 2723 qua
554 2640 733 2700 homo
773 2662 1087 2722 nunquam
1125 2662 1246 2698 non
1288 2638 1631 2721 impellitur.
1677 2639 1736 2697 Si
1770 2637 2048 2721 praevalet
2083 2636 2428 2697 sensibilitas
2459 2682 2474 2711 7

332 2760 458 2796 non
485 2736 737 2796 habetur
769 2737 880 2795 nisi
909 2735 1088 2795 homo
1117 2738 1426 2794 naturalis
1445 2779 1466 2807 ,
1493 2734 1678 2817 qualis
1719 2755 1935 2816 nempe
1965 2734 2027 2792 in
2054 2732 2170 2791 suis
2212 2732 2478 2814 primor-

333 2832 444 2891 diis
474 2832 742 2891 conditus
765 2844 854 2892 est
879 2844 938 2891 et
970 2831 1246 2913 deinceps
1283 2831 1482 2913 lapsus
1512 2856 1527 2904 ς
1571 2831 1618 2888 si
1648 2830 1931 2912 praevalet
1969 2829 2116 2887 ratio
2147 2873 2162 2903 7
2194 2840 2334 2887 tunc
2374 2828 2479 2887 ha-

334 2927 512 2988 betur
553 2927 732 2986 homo
759 2938 1011 2988 renatus
1042 2929 1163 2987 sive
1195 2924 1657 3009 supernaturalis
1676 2971 1692 3000 7
1722 2925 1828 3006 qui
1854 2923 2109 2983 naturali
2135 2946 2235 2982 sua
2261 2924 2480 2983 virtute

334 3023 520 3102 magis
566 3023 895 3099 evolvitur7
939 3036 1000 3083 et
1041 3046 1161 3082 uno
1201 3021 1299 3082 vel
1334 3021 1603 3103 pluribus
1648 3019 1919 3100 gradibus
1960 3041 2136 3101 super
2177 3019 2481 3078 hominem

338 3117 673 3178 naturalem
724 3119 1062 3194 extollitur7
1101 3129 1280 3200 prout
1321 3117 1503 3197 magis
1551 3117 1820 3175 minusve
1860 3114 2071 3174 excitat
2117 3116 2179 3173 in
2208 3136 2268 3174 se
2296 3115 2481 3176 vitam

337 3213 667 3293 religiosam
713 3214 1140 3290 humanitatis7
1189 3235 1371 3295 quam
1412 3214 1474 3272 in
1526 3234 1587 3271 se
1622 3211 1884 3270 Christus
1926 3210 1988 3268 in
2028 3232 2258 3268 summo
2299 3209 2481 3290 gradu

338 3301 627 3393 expressit
657 3330 721 3368 ac
747 3309 1031 3369 exhibuit.
1075 3311 1226 3369 Sane
1257 3330 1416 3369 nunc
1453 3307 1629 3368 homo
1671 3306 2050 3365 institutionis
2090 3327 2155 3365 ac
2199 3304 2480 3387 politioris

436 3532 501 3593 (l)
539 3530 666 3580 Ibid.
696 3549 800 3597 pag.
834 3530 947 3596 139.
1465 3538 1587 3577 mate
1604 3528 1886 3576 Janseniano
1909 3527 1967 3575 de
1986 3523 2162 3591 duplici
2182 3524 2479 3572 delectatione

428 3613 502 3678 (2)
537 3614 605 3662 Ex
642 3615 711 3662 his
742 3622 865 3679 patet
910 3621 1109 3678 systema
1144 3612 1264 3660 Bam·
1295 3611 1382 3660 sub
1466 3613 1721 3660 necessario
1778 3627 1830 3659 ac
1874 3608 2063 3658 relative
2123 3609 2325 3657 victrice.
2378 3603 2477 3652 Cfr.

357 3696 548 3746 diversis
586 3697 779 3746 vocibus
815 3697 1065 3745 convenire
1097 3713 1203 3744 cum
1240 3704 1384 3761 syste-
1467 3712 1569 3759 pag.
1609 3692 1717 3740 123.
