2580 4152
2078 212 2190 270 119

477 241 635 277 ΡΑΜ.
683 238 772 273 111.
822 218 945 273 car.
992 237 1034 271 1.
1084 237 1151 272 ms
1195 234 1425 272 nonnus
1468 231 1802 270 anA'riouE.

103 384 198 443 alii
233 382 485 463 primum
541 376 840 434 hominem
879 374 974 434 vel
1015 374 1418 454 androgynum
1453 371 1548 432 vel
1580 367 2192 451 hermaphrodituma

102 482 221 537 Deo
234 472 527 535 conditum
552 481 930 528 autumarunt
947 469 1055 547 (l).
1083 470 1139 526 5⁰
1164 470 1292 550 Ipsa
1307 465 1739 549 quodammodo
1760 465 1844 524 rei
1863 474 2072 522 natura
2095 463 2196 522 ali-

104 592 276 652 quam
311 588 380 626 ex
406 565 495 623 his
524 562 978 645 expositionibus
1007 583 1314 644 exposcere
1348 562 1581 623 videtur
1599 605 1614 633 ‚
1638 560 1767 618 nisi
1802 559 2059 641 primum
2083 558 2195 616 ho·-

102 666 321 724 minem
353 669 454 719 aut
497 669 891 717 monstrosum
928 668 1065 716 ante
1111 658 1242 717 Evae
1287 656 1732 727 formationem,
1783 665 1939 713 costa
1981 652 2196 712 scilicet

99 754 523 817 redundantem
551 799 567 828 .,
593 763 693 811 aut
720 751 1125 833 imperfectum
1154 761 1284 831 post
1311 749 1570 829 ejusdem
1593 760 1788 807 ortum
1812 794 1830 824 ‚
1859 759 2014 807 costa
2029 747 2195 809 vide-

99 852 230 910 licet
253 849 597 908 destitutum
617 893 633 921 ,
669 848 925 906 extitisse
956 845 1396 905 contendamus.
1432 845 1598 922 ErgO.

177 943 318 1001 240.
366 945 539 1023 Resp.
580 940 653 1000 ad
690 942 789 1013 1¹1¹,
834 942 993 999 Dist.
1034 939 1338 1020 Supposita
1377 937 1647 996 historica
1683 937 1927 997 veritate
1949 980 1966 1009 .‚
2004 956 2192 1008 conc.;

99 1039 146 1097 si
191 1037 290 1096 illa
337 1036 660 1095 excluditur
678 1079 694 1108 ‚
743 1056 870 1113 neq.
926 1034 1040 1115 Ipsi
1089 1032 1354 1091 Ecclesiae
1409 1033 1606 1089 Patres
1650 1041 1825 1110 atque
1870 1030 2196 1110 Scriptura—

98 1155 229 1191 rum
269 1130 530 1190 catholici
566 1129 916 1209 expositores
953 1125 1467 1207 deprehenderunt
1500 1122 1783 1183 moralem
1829 1124 2018 1182 mutui
2063 1144 2196 1182 con-

90 1232 298 1305 jugum
339 1224 549 1282 amoris
590 1243 828 1282 sensum
863 1221 933 1278 in.
965 1220 1197 1279 feminae
1232 1219 1668 1300 procreatione7
1720 1228 1896 1298 prout
1932 1239 1965 1276 a
2003 1219 2198 1297 Moyse

99 1307 438 1378 describitur
468 1317 592 1395 (2);
629 1313 732 1375 sed
750 1315 843 1373 hic
871 1313 1103 1373 moralis
1130 1334 1333 1373 sensus
1355 1314 1417 1370 in
1449 1311 1688 1372 litterali
1724 1310 2005 1370 fundatur
2023 1356 2038 1386 ,
2084 1333 2198 1393 quo

97 1411 322 1471 sublato
341 1456 356 1485 ,
393 1422 588 1470 actum
612 1421 699 1468 est
723 1408 796 1468 de
819 1410 963 1468 sacri
983 1408 1235 1467 historici
1266 1408 1598 1468 veracitate.
1629 1406 1877 1466 Nonnisi
1909 1406 2198 1465 recentio-

102 1528 193 1565 res
215 1505 411 1564 biblici
432 1515 820 1587 protestantes
851 1523 1065 1585 purum
1093 1501 1366 1581 mythum
1395 1502 1458 1560 in
1474 1501 1689 1582 Moysis
1722 1499 1917 1562 verbis
1953 1500 2200 1581 exprimi

102 1600 417 1660 commenti
454 1610 592 1658 sunt
621 1609 820 1657 contra
846 1619 1081 1657 sensum
1119 1596 1549 1656 traditionalem
1599 1606 1657 1655 et
1695 1596 1894 1656 invitis
1930 1593 2200 1653 omnibus

102 1717 393 1775 germanae
419 1714 718 1773 exegeseos
746 1691 991 1771 legibus,

177 1790 314 1848 241.
363 1788 449 1848 Ad
469 1789 575 1862 2¹¹¹,
606 1788 756 1867 Ney.
780 1786 1149 1869 suppositum
1186 1796 1250 1844 ut
1285 1806 1356 1844 ex
1385 1784 1549 1844 dictis
1583 1784 1783 1865 liquet.
1816 1781 1980 1843 Plato
2004 1793 2202 1841 autem

100 1884 417 1965 phantasiae
433 1905 548 1943 suae
564 1881 868 1960 indulgens
883 1880 1184 1940 exornavit
1197 1878 1328 1960 plus
1342 1900 1529 1960 aeque,
1549 1878 1705 1960 quod
1719 1878 1876 1959 apud
1893 1876 2200 1936 orientales

102 1989 299 2057 gentes
320 2022 336 2050 ‚
372 1998 619 2058 quarum
658 1975 983 2057 provincias
1021 1985 1461 2055 peragravarat.,
1506 1972 1787 2052 traditum
1827 1972 2056 2032 invenit
2086 1970 2196 2051 (3).

181 2071 319 2129 242.
369 2070 458 2130 Ad
494 2070 598 2144 3¹1¹,
638 2070 786 2149 Neq.
821 2067 1060 2127 Sublato
1099 2067 1258 2127 enim
1292 2067 1706 2141 fundanientO‚
1738 2079 1923 2126 cetera
1960 2086 2085 2147 quae
2119 2066 2203 2124 illi

102 2175 582 2247 superstruuntur
611 2211 626 2241 ‚
674 2173 946 2222 corruant
1000 2183 1232 2221 necesse
1283 2173 1421 2235 est3
1480 2163 1732 2220 maxime
1778 2160 1934 2241 quod
1981 2161 2202 2241 reliqua

45 2323 47 2326 f
105 2260 525 2338 Scripturarum
553 2258 676 2317 loca
698 2303 713 2330 ‚
741 2262 907 2336 juxta
938 2257 1197 2338 exposita
1215 2301 1231 2331 .‚
1270 2255 1634 2315 arbitrariam
1670 2255 2014 2314 biblicorum
2036 2266 2095 2313 et
2118 2276 2203 2313 ra-

34 2414 36 2416 ,
106 2351 528 2410 tionalistarum
554 2352 922 2433 hypothesim
941 2362 1228 2412 evertant.

171 2540 244 2603 (l)
280 2539 451 2586 Mirum
469 2548 535 2587 est
553 2538 824 2588 Michaelem
851 2542 901 2587 in
928 2540 1109 2595 dissert,

104 2636 210 2687 pag.
244 2636 306 2686 72
335 2630 380 2668 et
406 2623 522 2667 suiv.
550 2622 748 2685 potuisse
778 2623 892 2669 serio
921 2631 1111 2668 conten·

106 2702 212 2751 dere
252 2703 516 2749 auctoritate
562 2700 761 2748 Platonis
810 2718 863 2748 ac
893 2701 1111 2749 rabbino-

107 2800 211 2831 rum
228 2781 456 2830 Adamum
471 2783 617 2846 reipsa
639 2782 959 2847 androgynum
976 2782 1128 2840 fuisse-

109 2881 135 2911 a
163 2862 260 2912 Deo
293 2873 591 2928 procreatum.
636 2862 846 2910 Absurda
894 2863 1114 2911 rabbino-

25 2954 27 2957 '
113 2961 218 2990 rum
246 2955 501 2992 commenta
541 2944 746 2992 referunt
788 2943 1036 3008 Heidegger
1066 2946 1116 2991 in

112 3022 299 3073 Hister.
329 3024 622 3085 Pata-iarah„
644 3025 808 3073 Exere.
827 3042 873 3072 1v
892 3061 906 3084 ‚
931 3034 1046 3073 tom.
1073 3041 1114 3088 1,

115 3121 218 3169 pag.
242 3102 324 3163 35,
341 3114 387 3154 et
404 3105 639 3154 Fabricius
664 3110 714 3155 in
739 3105 914 3154 Codice
932 3105 1113 3154 Pseud.

123 3185 177 3232 V
172 3193 231 3232 et.
260 3184 308 3232 T
305 3194 388 3234 est.
409 3196 521 3235 tom.
554 3205 589 3235 1.
607 3187 806 3235 Voltaire
838 3190 1004 3235 veritus
1023 3204 1118 3234 non

118 3275 183 3313 est
200 3302 213 3324 ‚
246 3275 343 3313 tum
370 3268 420 3331 in
448 3284 579 3332 opere
592 3267 1116 3333 Raisonparalphabet,

119 3356 205 3394 art.
240 3345 436 3407 Adam,
475 3357 574 3396 tum
615 3352 665 3397 in
695 3349 837 3398 Bible
868 3350 997 3413 enfin
1039 3365 1120 3397 ew-

113 3426 303 3492 pliquee
323 3465 336 3487 ‚
376 3427 520 3494 Moysi
559 3431 756 3480 tribuere
793 3433 1030 3479 historiam
1065 3432 1121 3478 de

120 3509 307 3557 homine
339 3509 630 3575 androgyn03
674 3513 752 3561 sed
794 3512 894 3561 Cfr.
939 3512 1121 3559 Lettres

122 3588 178 3636 de
210 3588 427 3653 quelques
439 3589 572 3654 Juifis
587 3626 602 3651 ‚
635 3593 726 3641 loc.
747 3597 824 3648 cit.
849 3592 875 3658 §
909 3610 987 3641 12.

190 3670 253 3733 (Q)
279 3669 376 3717 Cfr.
399 3669 582 3719 Cornel.
600 3689 625 3718 a
643 3673 828 3737 Lepide,
844 3677 892 3720 in
907 3674 1032 3720 hunc
1054 3672 1125 3719 lo-

126 3764 245 3797 cum.
260 3749 595 3800 Vid.S.Thom.
614 3769 660 3816 p.
689 3768 731 3813 1,
747 3771 795 3819 q.
812 3768 950 3818 9²²³·
973 3769 1000 3800 2
1018 3763 1060 3801 et
1076 3752 1125 3799 3.

1257 2539 1331 2606 (3)
1372 2540 1471 2591 Cfr.
1522 2540 1715 2600 Banier,
1761 2558 1838 2606 op.
1873 2543 1953 2590 cit.
1996 2551 2110 2589 tom.
2150 2559 2167 2587 1
2191 2579 2202 2598 ‚

1188 2621 1270 2671 liv.
1295 2639 1343 2680 1,
1377 2622 1511 2687 chap.
1555 2638 1572 2669 1
1596 2658 1611 2682 ‚
1644 2622 1726 2670 uhi
1764 2623 1966 2671 ostendit
1997 2625 2048 2670 in
2080 2624 2201 2669 anti-

1191 2720 1391 2768 quorum
1436 2703 1813 2768 anthropogoniis
1835 2741 1848 2763 ‚
1891 2720 1987 2750 non
2023 2702 2203 2770 exclusa

1192 2785 1290 2848 ipsa
1318 2782 1520 2831 Platonis
1551 2783 1641 2834 loc.
1677 2785 1778 2843 cit„
1815 2783 1993 2832 elucere
2021 2773 2205 2849 vestigia

1193 2868 1407 2911 mosaicae
1438 2864 1637 2911 historiae
1657 2901 1670 2924 ,
1706 2881 1759 2912 ac
1786 2866 1897 2912 scite
1925 2864 2157 2913 concludit
2184 2882 2197 2911 ε

1192 2944 1398 3009 L’esprit
1423 2944 1625 2992 humain
1655 2945 1751 3008 fait
1777 2962 1837 2993 en
1858 2946 1975 2993 vain
2001 2956 2105 2993 tous
2131 2962 2203 2993 ses

1191 3027 1348 3091 efforts
1369 3042 1498 3090 pour
1526 3041 1789 3091 corrompre
1832 3025 1878 3073 Ia
1911 3029 2056 3074 verite
2072 3048 2090 3084 ;
2122 3026 2205 3074 elle

1192 3105 1332 3154 Iaisse
1346 3109 1557 3173 toujours
1570 3105 1762 3172 quelque
1790 3115 1916 3155 traee
1941 3106 2205 3155 lumineuse

1193 3189 1280 3251 qui
1306 3186 1353 3234 la
1380 3188 1479 3251 fait
1501 3190 1802 3236 reconnaitre
1836 3189 1910 3253 (p.
1934 3187 2044 3254 78).
2070 3187 2205 3253 Quod

1195 3270 1428 3333 speciatim
1461 3269 1519 3316 ad
1554 3263 1792 3318 Platonem
1829 3272 2018 3335 attinet,
2055 3272 2205 3334 ipsum

1197 3349 1527 3414 deprompsisse
1559 3351 1794 3399 fictionem
1835 3368 1967 3399 suam
2009 3369 2034 3400 a
2068 3351 2210 3398 tradi·

1198 3431 1320 3479 tione
1365 3448 1467 3496 quae
1515 3432 1634 3496 apud
1689 3431 1938 3481 Orientales
1977 3430 2156 3496 vigebat
2190 3467 2204 3489 ‚

1199 3529 1338 3577 quam
1354 3522 1506 3561 tamen
1521 3516 1615 3577 ipse
1631 3531 1726 3561 non
1756 3515 1861 3562 satis
1889 3511 2170 3560 intellexerat
2201 3547 2214 3569 ‚

1200 3594 1518 3641 animadvertit
1536 3594 1758 3641 Eusebius
1777 3631 1791 3652 ‚
1808 3594 1978 3656 Proep.
2013 3591 2062 3638 E
2064 3607 2208 3654 vanq.

1202 3671 1265 3720 lib
1304 3690 1385 3720 .xn
1405 3711 1418 3733 ‚
1450 3691 1548 3739 cap.
1582 3691 1664 3736 η,
1699 3674 1809 3722 edit.
1841 3675 1915 3720 cit.
