2580 4152
2098 217 2214 275 195

416 247 570 284 PART.
617 248 705 281 111.
750 243 875 280 CAP.
927 244 1006 279 IV.
1058 244 1124 278 DE
1171 242 1400 279 PECCATI
1443 240 1603 277 ORIG.
1656 238 1889 275 PROPAG.

83 375 382 472 'receptam
412 385 849 468 persuasionem
871 383 942 442 de
964 395 1203 464 peccato
1221 381 1425 441 Adami
1446 392 1733 462 tanquam
1747 400 1914 437 causa
1944 379 2210 437 omnium

92 486 398 544 hominum
424 480 929 540 condemnationis
951 525 966 554 ‚
1001 500 1072 538 ex
1107 478 1464 537 consessione
1496 475 1963 535 adversariorum
1989 486 2215 533 nostro·

90 601 221 639 rum
258 588 454 659 patetq
498 598 619 634 non
662 575 844 633 alium
877 595 1115 633 sensum
1157 570 1391 631 subesse
1422 592 1588 652 posse
1623 570 1713 628 his
1751 569 2006 629 textibus
2030 616 2044 643 ‚
2098 571 2211 628 nisi

93 674 343 733 infantes
384 671 577 753 aliqua
614 670 986 729 immunditia
1011 714 1027 744 7
1059 667 1190 727 labe
1225 689 1290 726 ac
1331 678 1569 749 peccato
1598 665 1853 748 pollutos
1892 667 2114 749 concipi
2149 687 2214 725 ac

90 768 246 826 nasci
276 813 292 840 ἦ
353 789 454 826 seu
502 766 660 848 quod
711 765 869 825 idem
906 775 995 823 est
1032 787 1045 821 ε
1080 765 1260 823 Vetus
1310 764 1751 822 Testamentum
1813 762 2078 844 apprime
2114 783 2214 820 co-

90 861 275 922 haeret
310 884 443 921 cum
478 865 641 921 Novo
672 862 821 919 circa
859 859 1187 936 doctrinam
1222 858 1294 917 de
1326 859 1549 939 peccati
1589 856 1884 936 originalis
1927 878 2216 939 propaga-

95 958 254 1016 tione
286 984 301 1030 ς
337 957 594 1039 alioquin
630 955 790 1014 nulla
823 954 1050 1014 ratione
1092 955 1384 1035 potuisset
1425 951 1735 1033 Apostolus
1778 952 2011 1012 Judaeos
2046 975 2216 1034 pers-

91 1055 346 1131 tringere
408 1052 480 1111 de
527 1050 844 1111 universali
901 1047 1331 1128 justificationis
1372 1068 1542 1105 causa
1603 1067 1710 1127 per
1779 1047 1989 1105 merita
2040 1048 2216 1105 unius

94 1147 310 1206 Christi
332 1192 346 1221 a
376 1147 485 1204 nisi
521 1168 629 1226 pro
665 1156 822 1203 certo
851 1144 1195 1225 sumpsisset
1228 1163 1299 1200 ex
1329 1140 1671 1200 Judaeorum
1710 1140 1971 1199 doctrina
2012 1163 2219 1224 pecca-

91 1253 217 1300 tum
245 1241 416 1299 unius
452 1239 588 1299 Adae
624 1259 868 1297 causam·
896 1238 1102 1303 fuisse,
1146 1257 1250 1295 cur
1286 1257 1467 1315 genus
1508 1234 1841 1294 humanum
1879 1236 2218 1297 universum

90 1348 277 1396 unam
300 1325 685 1419 eamdemque
710 1335 1268 1395 condemnationem
1305 1332 1570 1393 subierit.

893 1525 1132 1568 DIFFICU
1140 1525 1378 1566 LTATES.

176 1667 314 1726 413.
365 1665 493 1744 Obj.
525 1667 739 1747 primO.
780 1666 841 1723 1Ο
868 1663 1177 1746 Apostolus
1204 1664 1267 1721 in
1294 1663 1434 1723 locis
1455 1663 1720 1744 prolatiS,
1757 1664 2060 1746 speciatim
2082 1687 2221 1724 vero

93 1763 266 1820 Rom.
297 1763 364 1835 V,
390 1759 485 1820 vel
510 1759 778 1841 loquitur
810 1758 884 1818 de
917 1770 1156 1840 peccato
1186 1758 1398 1817 actuali
1431 1757 1566 1817 Adae
1596 1804 1611 1833 ,
1647 1760 1749 1840 qui
1771 1805 1786 1833 ‚
1820 1782 1955 1818 cum
1995 1760 2219 1841 primus

94 1857 460 1939 peccaverit,
498 1855 767 1913 omnium
815 1854 1187 1935 peccantium
1220 1874 1430 1932 agmen
1474 1854 1681 1928 ducit3
1716 1855 1877 1915 unde
1916 1867 2222 1936 peccatum

92 1954 269 2034 coepit
296 1973 417 2010 esse
442 1951 598 2009 inter
625 1949 893 2009 homines
913 1995 929 2024 ,
968 1950 1066 2031 qui
1094 1970 1229 2008 cum
1267 1947 1458 2008 labilis
1502 1962 1729 2010 naturae
1760 1953 1880 2010 sint
1907 1998 1923 2026 ,
1979 1953 2126 2011 sicut
2162 1964 2221 2012 et

93 2048 281 2107 Adam
315 2047 425 2105 fuit
447 2092 462 2121 7
497 2067 634 2105 eum
674 2046 985 2103 imitantur
1015 2045 1105 2125 (l)
1127 2070 1143 2120 ς
1164 2044 1259 2108 vel
1275 2045 1349 2103 2⁰
1372 2044 1632 2127 loquitur
1654 2043 1736 2106 ‘de
1768 2059 2005 2129 peccato
2028 2060 2220 2108 meto-

94 2257 159 2301 sic
190 2256 323 2301 vertit
360 2250 688 2301 Rosenmiiller
722 2269 735 2299 :
765 2251 853 2299 Eu
886 2268 969 2316 eqo
1003 2268 1113 2300 cum

95 2336 354 2399 iniquitate
381 2336 574 2398 qeuitus
603 2351 742 2394 sum,
776 2342 822 2381 et
858 2350 969 2382 cum
999 2349 1114 2399 pec-

96 2425 198 2464 cato
233 2420 454 2482 (peccato
493 2417 843 2480 inquinatum)
876 2417 1000 2480 fovit
1041 2410 1115 2463 me

97 2506 252 2547 mater
284 2514 405 2545 mea.
444 2497 510 2545 Ea
544 2497 714 2546 deinde
755 2500 818 2545 ita
855 2498 1069 2562 explanat
1100 2514 1113 2545 ε

98 2579 268 2629 Hoeret
309 2582 365 2627 iu
394 2586 573 2627 natura
597 2586 693 2626 tota
736 2595 842 2627 mea
864 2581 976 2643 jam
1001 2578 1117 2627 inde

98 2662 158 2711 ab
186 2669 293 2710 ortu
315 2678 416 2709 meo
433 2669 477 2709 et
504 2662 676 2709 inuata
718 2660 847 2708 mihi
868 2661 1112 2726 pravitas.

106 2744 302 2809 Quibus
332 2743 489 2793 verbis
502 2743 726 2809 judicem
757 2743 821 2790 ad
845 2743 1116 2791 misericor-

103 2826 236 2874 diam
273 2826 457 2891 flectere
503 2825 659 2873 studet
683 2862 696 2885 ‚
745 2823 1138 2889 iquosceudique*

97 2900 286 2973 peccati
311 2911 419 2968 sui,
445 2909 494 2955 si
506 2924 564 2956 em
591 2908 814 2972 (equitate
841 2915 884 2955 et
913 2906 1113 2954 clemeu-

106 2991 177 3037 tia
208 2989 440 3055 judicare
490 2989 600 3037 velit
623 3026 640 3052 ,
684 2988 915 3037 nonnihil
955 2987 1117 3036 adesse

106 3087 267 3118 causae
296 3073 464 3118 asserit
486 3111 498 3132 ‚
527 3072 655 3137 quod
687 3072 870 3137 insecta
894 3088 988 3137 per
1019 3073 1117 3119 ori-

101 3151 234 3216 9iuis
253 3153 426 3200 vitium
445 3163 621 3201 natura
640 3193 653 3213 ‚
687 3170 785 3202 nou
809 3156 993 3201 mirum
1018 3162 1113 3213 est,

105 3235 154 3281 si
168 3243 367 3300 peccata
400 3234 502 3283 alia
526 3238 744 3302 proferat
773 3253 829 3285 ac
861 3237 1115 3301 qer-miuet.

105 3316 217 3364 Imo
252 3317 371 3364 dicit
389 3325 536 3377 vates,
571 3335 620 3366 se
653 3328 771 3367 tuuc
793 3322 970 3381 etiam,
1008 3335 1118 3366 cum
1142 3321 1148 3322 ’

107 3415 138 3447 a
160 3407 312 3446 matre
335 3401 690 3465 conciperetur,
718 3411 938 3466 uteroque
964 3410 1119 3466 qesta-

108 3489 268 3541 retur‚
308 3490 504 3547 peccato
541 3482 695 3547 fuisse
721 3483 975 3548 infectum.
1012 3483 1121 3530 Haec

107 3562 325 3611 videntur
339 3564 396 3610 ad
412 3566 609 3628 speciem
624 3565 847 3613 catholiea
862 3602 873 3623 ‚
886 3565 964 3613 sed
979 3567 1124 3630 reipsa

113 3640 209 3692 non
236 3646 461 3694 exhibent
487 3649 576 3693 nisi
610 3663 795 3694 sensum
823 3647 1050 3712 Zx'vinglii.

181 3724 246 3786 (1)
296 3726 362 3776 Ita
409 3738 584 3777 veteres
624 3727 855 3791 Pelagiani
891 3766 903 3789 ‚
954 3728 1124 3777 deinde

1197 2252 1446 2317 Zwinglius
1474 2290 1488 2313 ‚
1527 2253 1718 2301 demum
1747 2252 2070 2302 Rosenmiiller
2111 2271 2219 2302 cum

1197 2335 1296 2383 aliis
1326 2337 1567 2383 neotericis
1602 2334 1807 2384 biblieis.
1838 2335 1916 2384 Sic
1943 2339 2064 2386 inter
2097 2347 2220 2386 cete-

1196 2434 1270 2465 ros
1295 2417 1504 2483 loquitur
1521 2417 1851 2467 Rosenmfiller
1879 2435 1892 2467 :
1916 2418 2046 2468 Nam
2067 2435 2219 2467 sermo

1197 2506 1266 2547 est
1295 2498 1352 2547 de
1382 2498 1574 2548 Adamo
1589 2535 1606 2561 ‚
1638 2501 1725 2565 qui
1744 2503 1943 2566 primus
1963 2504 2216 2567 peccavit,

1197 2589 1240 2628 et
1265 2582 1524 2647 respicitur
1545 2581 1612 2629 ad
1628 2597 1738 2647 cap.
1767 2599 1782 2629 1
1808 2590 1851 2629 et
1875 2599 1936 2643 ιι,
1970 2583 2060 2630 abi
2079 2580 2218 2630 Pau-

1197 2661 1272 2709 lus
1310 2663 1514 2710 evicerat
1538 2699 1551 2722 ‚
1583 2661 1785 2711 Judaeos
1821 2672 1864 2711 et
1891 2663 2094 2728 qeutiles
2123 2665 2220 2712 esse

1198 2742 1271 2805 εἶφ’
1305 2742 1554 2810 &paupe-lm.
1587 2744 1670 2792 Ibi
1708 2761 1816 2793 vero
1855 2761 2011 2794 sermo
2050 2753 2118 2793 est
2162 2745 2220 2792 de

1194 2827 1409 2890 peccatis
1433 2825 1726 2875 actualibus.
1761 2827 2023 2876 Peccatum
2057 2831 2115 2876 εἷς
2144 2826 2218 2876 τὶν

1198 2907 1366 2971 κίε-μον
1400 2910 1577 2962 εἰσῆλθε
1596 2945 1611 2970 ,
1655 2910 1839 2956 invasit
1862 2920 2014 2973 ,aeuus
2044 2909 2220 2959 huma·

1198 3006 1349 3050 uuna,
1387 2990 1442 3039 id
1472 2999 1572 3049 est,
1603 2992 1752 3058 coepit
1778 3008 1875 3040 esse
1905 2994 2034 3040 inter
2063 2992 2219 3041 homi·

1198 3088 1299 3119 nes.
1326 3069 1529 3120 Similes
1542 3072 1767 3138 sbrmuloe
1787 3083 1900 3122 suut
1922 3092 1935 3123 :
1964 3073 2108 3123 luxus
2133 3078 2215 3123 iu*

1199 3155 1330 3201 vasit
1366 3162 1578 3215 terram,
1613 3158 1924 3221 provinciam
1961 3155 2177 3222 aliquam
2198 3175 2220 3219 ,-

1200 3235 1257 3283 id
1290 3243 1358 3284 est
1384 3239 1526 3303 coepit
1557 3253 1654 3285 esse
1679 3240 1735 3286 in
1769 3237 1855 3286 illa
1889 3247 2030 3287 terra.
2069 3237 2220 3286 Hanc

1180 3374 1184 3378 ,
1202 3318 1432 3384 εἱμαρτιοιν
1445 3355 1459 3380 ,
1478 3337 1561 3367 seu
1571 3321 1812 3386 peccandi
1830 3321 2222 3369 cousuetudinem

1203 3409 1247 3448 et
1281 3400 1529 3449 licentiam
1568 3403 1891 3451 introductam
1930 3419 2027 3450 esse
2066 3402 2189 3449 dicit
2205 3440 2218 3462 ,

1204 3481 1270 3531 Ν
1292 3481 1379 3537 ἔνδς
1413 3482 1650 3551 α’νθρῶπου
1672 3503 1789 3551 ‚per
1806 3502 1957 3532 auum
1979 3483 2223 3531 hominem

1206 3565 1257 3614 A
1264 3565 1460 3614 damum
1482 3604 1496 3628 ,
1516 3570 1604 3632 qui
1611 3570 1809 3634 primus
1819 3568 2043 3633 peccavit
2062 3575 2106 3613 et
2122 3583 2221 3613 om-

1205 3649 1347 3694 nium
1366 3651 1678 3713 peccantium
1704 3665 1875 3713 aqmeu
1905 3648 2054 3696 ducit.
2087 3647 2223 3695 Ada-

1206 3745 1314 3777 mus
1349 3746 1517 3796 nempe
1555 3730 1658 3795 fuit
1696 3729 1858 3778 labilis
1894 3733 1907 3791 (
1929 3738 2109 3777 natura
2151 3731 2223 3777 ita

1883 3809 1978 3868 13.
