2580 4152
383 131 496 194 170

1033 158 1229 197 TRACT.
1280 161 1349 197 DE
1392 160 1498 198 DEO
1541 162 1854 201 CREATORE.

377 310 465 359 est
491 320 560 358 ex
589 311 755 381 parte
791 300 896 358 Dei
916 343 932 372 ,
970 300 1071 380 qui
1092 345 1107 374 .,
1146 321 1281 360 cum
1313 302 1375 359 in
1414 301 1706 364 donorum
1733 327 1974 364 suorum
2001 305 2413 367 distributione
2441 309 2509 368 li-

374 393 666 454 berrimus
703 395 779 452 sit
812 439 828 468 ,
871 393 1034 453 nulla
1075 393 1327 475 adigitur
1371 399 1760 471 necessitate,
1801 412 1867 460 ut
1910 401 2069 460 hunc
2098 403 2292 484 potius
2333 425 2509 486 quam

376 489 546 548 illum
580 489 954 571 perfectionis
979 490 1228 570 gradum
1260 493 1539 551 creaturis
1565 494 1683 558 suis
1709 493 2007 576 largiatur.

460 584 598 643 343.
645 583 863 644 Eadem
909 588 1123 645 veritas
1173 598 1404 646 constat
1439 609 1512 647 ex
1556 590 1980 671 proscriptione
2016 591 2272 651 thesium
2309 592 2426 670 Baji
2451 604 2513 652 et

378 679 677 753 Quesnelli
699 725 714 754 a
756 680 820 738 in
846 680 1070 762 quibus
1107 683 1397 741 contraria
1436 683 1704 742 doctrina
1728 685 1999 745 traditum
2028 687 2179 746 Nam
2210 689 2264 753 S.
2303 689 2435 746 Pius
2464 689 2511 746 V

378 789 435 836 et
480 777 788 857 Gregorius
827 778 963 836 XIII
1005 791 1317 859 sequentes
1373 780 1491 858 Baji
1544 782 1968 862 propositiones
2006 785 2505 868 proscripserunt,

377 894 595 954 nempe
617 873 743 931 21¹n
775 896 787 930 ε
823 875 1139 933 Humanae
1156 886 1400 934 naturae
1421 877 1772 936 sublimatio
1795 888 1852 935 et
1875 879 2154 937 emaltatio
2183 884 2253 938 in
2277 902 2511 940 consor-

376 972 537 1026 tium
577 969 804 1027 divinoe
832 980 1074 1029 naturae
1093 1015 1109 1046 ,
1139 972 1343 1030 debita
1360 974 1495 1050 fuit
1522 976 1868 1053 integritati
1880 980 2105 1052 primae
2128 977 2509 1050 conditionis,

376 1075 433 1123 et
447 1066 709 1144 proinde
737 1069 1047 1125 naturalis
1076 1068 1335 1145 dicenda
1361 1079 1445 1126 est
1467 1114 1484 1143 7
1521 1080 1575 1126 et
1594 1092 1714 1128 non
1742 1071 2237 1149 supernaturalis
2267 1069 2511 1151 (Eadem

376 1158 657 1218 dicuntur
699 1161 761 1219 in
790 1162 1287 1244 propositionibus
1330 1163 1430 1223 23³
1470 1175 1530 1222 et
1566 1164 1730 1245 24²¹);
1797 1166 1942 1225 item
1978 1167 2105 1225 26⁰2
2145 1189 2157 1224 :
2194 1168 2513 1247 InteqriCas

366 1261 602 1335 primae
636 1263 957 1321 creationis
983 1280 1104 1319 non
1130 1261 1264 1338 fuit
1301 1261 1571 1320 indebita
1594 1261 1883 1320 humanae
1913 1274 2154 1322 naturae
2185 1263 2463 1321 eoealtatio
2493 1307 2508 1336 ,

375 1353 482 1411 sed
531 1355 842 1419 naturalis
897 1360 1026 1432 ejus
1079 1356 1342 1422 conditio
1372 1381 1388 1428 ς
1438 1354 1563 1414 55m
1619 1380 1637 1414 :
1697 1359 1861 1417 Deus
1918 1379 2039 1417 non
2088 1363 2387 1438 potuisse&
2430 1358 2512 1416 ab

377 1452 558 1507 initio
604 1456 781 1511 talem
821 1472 1024 1510 creare
1050 1452 1353 1512 bominem
1374 1497 1390 1512 .
1420 1454 1622 1531 qualis
1652 1474 1817 1513 nunc
1843 1459 2122 1512 nascitur
2136 1478 2159 1521 ,·
2193 1454 2353 1513 78111:
2379 1453 2510 1514 Im·-

324 1585 326 1587 ψ
379 1547 721 1604 mortalitas
750 1551 966 1624 primi
988 1547 1252 1605 hominis
1280 1569 1400 1606 non
1442 1559 1575 1606 erac
1595 1553 1815 1628 quatioe
1850 1550 2202 1628 beneficium
2217 1593 2237 1620 ,
2266 1550 2370 1608 sed
2391 1570 2512 1607 na-

380 1643 603 1701 turalis
625 1644 886 1701 conditio
906 1666 932 1715 ;
952 1664 1018 1702 ac
1042 1642 1283 1709 demum
1312 1665 1479 1726 prop.
1510 1644 1637 1703 79m
1671 1668 1682 1703 :
1718 1648 1902 1705 Falsa
1933 1657 2018 1705 esc
2046 1633 2355 1707 doctorum
2378 1668 2511 1704 sen-

380 1741 603 1810 tentia,
623 1743 911 1818 primum
950 1740 1251 1799 bominem
1280 1744 1545 1820 potuisse
1575 1763 1613 1799 a
1642 1743 1767 1801 Deo
1794 1747 1999 1801 creari
2018 1753 2073 1800 et
2107 1746 2359 1800 institui
2381 1746 2510 1801 sine

359 1834 621 1910 justitia
656 1837 940 1893 naturali
989 1835 1094 1916 (l).
1142 1837 1289 1895 Cum
1317 1857 1454 1897 vero
1491 1836 1836 1909 Quesnellus
1880 1837 2149 1897 eamdem
2182 1836 2508 1896 doctrinam

381 2016 637 2063 servatrici
669 2014 792 2063 della
818 2017 920 2064 vita
947 2034 971 2064 e
998 2014 1194 2065 relative
1221 2014 1306 2064 all'
1323 2017 1402 2064 in·

383 2095 614 2158 dividuo,
634 2098 737 2146 ord.
769 2115 810 2157 ι,
834 2116 1002 2164 genere
1024 2115 1040 2146 ι
1055 2136 1068 2158 ,
1093 2097 1194 2146 Del
1206 2100 1406 2165 piacere

382 2198 406 2227 e
423 2178 500 2226 del
524 2179 683 2228 dolore
707 2218 719 2239 ‚
748 2178 774 2247 §
800 2178 864 2243 42
896 2192 941 2229 et
971 2199 1104 2247 seqq.
1125 2193 1169 2230 et
1199 2200 1307 2246 gen.
1328 2198 1402 2240 vr,

385 2259 412 2327 §
434 2259 532 2328 479
561 2273 604 2311 et
633 2281 788 2329 seqq..·,
818 2264 1063 2328 Magendie
1083 2302 1096 2326 ,
1120 2265 1291 2313 Prece's
1315 2264 1406 2312 ele-

384 2347 622 2394 mentaire
648 2345 706 2393 de
723 2346 1054 2412 phymbloqie,
1087 2348 1284 2396 articulo
1313 2348 1403 2396 ult.

385 2416 571 2494 operis:
587 2428 656 2477 Ne
693 2429 922 2494 longiores
963 2433 1108 2478 simus
1147 2447 1289 2495 quam
1328 2448 1409 2495 par

387 2520 489 2571 est,
533 2511 673 2578 hujus
710 2522 889 2560 tantum
928 2521 1106 2560 textum
1140 2513 1359 2561 dabimus
1392 2529 1405 2560 ε

386 2592 685 2642 L'existence
726 2593 1045 2651 individuelIe
1087 2594 1144 2643 de
1190 2603 1296 2643 tous
1344 2594 1409 2642 les

386 2692 523 2742 corps
547 2678 796 2741 orqanises
810 2686 878 2726 est
895 2679 1215 2743 temporaire;
1243 2694 1409 2725 aucun

387 2758 645 2825 n'echappe
670 2760 700 2808 ὰ
726 2759 775 2808 la
801 2760 921 2809 dure
942 2762 1168 2808 necessite
1185 2759 1242 2808 de
1260 2776 1411 2808 cesser

387 2841 531 2889 d'etre
555 2859 617 2890 ou
649 2843 706 2890 de
733 2845 948 2904 mourir,
979 2842 1197 2892 l’homme
1223 2843 1355 2891 subit
1369 2841 1410 2891 le

387 2927 538 2971 meme
561 2933 673 2973 sort.
704 2923 968 2974 L'histoire
992 2925 1311 2992 particuliere
1329 2925 1410 2974 des

384 3006 630 3071 fonctions
660 3024 783 3055 nous
811 3025 841 3056 a
866 3010 968 3073 soit
992 3011 1099 3057 voir
1125 3026 1215 3074 que
1243 3007 1324 3056 des
1345 3007 1410 3055 les

382 3091 622 3156 premiers
663 3099 815 3157 temps
862 3091 920 3139 de
961 3091 1007 3138 la
1055 3091 1288 3139 vieillesse
1306 3127 1323 3152 ‚
1367 3098 1414 3137 et

390 3170 685 3237 quelquefin's
727 3182 1071 3240 auparavant,
1119 3172 1183 3222 les
1211 3190 1412 3238 orqanes

393 3271 441 3302 se
469 3253 790 3315 deteriorem,
833 3273 923 3320 que
950 3256 1202 3322 plusieurs
1233 3263 1414 3303 cessent

392 3336 745 3404 completement
759 3327 939 3403 (Γαρὶν,
966 3357 1055 3403 que
1079 3338 1287 3387 d’autres
1306 3346 1414 3386 sont

395 3420 615 3469 absorbes
662 3429 706 3468 et
749 3420 1102 3486 disparuissent
1121 3459 1134 3482 ‚
1200 3421 1412 3486 qu’enfin

396 3503 519 3551 dans
550 3503 597 3551 la
624 3503 928 3570 decrepitude
966 3503 1014 3551 la
1041 3506 1118 3555 vie
1143 3512 1211 3551 est
1232 3503 1415 3561 reduite

396 3587 427 3633 ὰ
463 3586 688 3652 quelques
732 3595 875 3634 restes
907 3585 988 3638 des
1026 3587 1143 3635 trois
1170 3586 1418 3650 fonctions

398 3669 564 3718 vitales
600 3678 644 3718 ct
680 3670 711 3719 ὰ
750 3669 971 3735 quelques
989 3669 1231 3735 fonctions
1257 3670 1420 3717 nutri-

1493 2017 1610 2064 tives
1654 2016 1931 2065 deteriorees
1945 2034 1965 2078 ;
2031 2017 2153 2064 dans
2198 2023 2270 2064 cet
2304 2021 2424 2079 etat,
2462 2014 2510 2063 la

1493 2098 1712 2146 moindre
1724 2115 1866 2147 cause
1883 2100 2146 2147 exterieure
2160 2134 2177 2160 ,
2206 2098 2247 2146 le
2256 2097 2373 2164 plus
2385 2099 2512 2163 petit

1494 2197 1616 2247 coup
1636 2219 1648 2240 ‚
1674 2180 1719 2228 la
1739 2180 1876 2229 chute
1894 2180 1941 2228 la
1957 2180 2074 2247 plus
2099 2180 2247 2246 leqere
2259 2216 2275 2242 ,
2300 2179 2512 2245 suffisent

1490 2280 1618 2329 pour
1629 2265 1811 2311 arreter
1821 2263 1951 2312 l'une
1963 2264 2043 2311 des
2058 2265 2175 2311 trois
2180 2262 2428 2328 fonctions
2443 2263 2516 2309 in·

1495 2345 1820 2412 dispensables
1845 2347 1876 2395 ὰ
1900 2345 1948 2394 la
1964 2348 2041 2395 vie
2060 2383 2073 2406 ,
2092 2345 2197 2394 etta
2215 2353 2339 2395 mort
2352 2346 2513 2393 arrivs

1495 2429 1904 2477 immediatement
1919 2465 1935 2488 ,
1955 2445 2136 2477 comme
2161 2427 2202 2476 le
2217 2427 2414 2476 dernier
2436 2425 2508 2472 de-

1494 2515 1578 2577 qre
1616 2511 1674 2559 de
1710 2510 1757 2560 la
1789 2511 2080 2559 destruction
2114 2510 2195 2558 des
2238 2524 2437 2574 orqanes
2467 2514 2512 2554 et

1497 2593 1578 2642 des
1588 2594 1851 2658 fonctions.
1874 2595 2013 2643 Mais
2027 2609 2097 2641 tm
2119 2592 2356 2657 tres-petit
2369 2605 2509 2637 nom-

1496 2677 1578 2725 bre
1595 2675 1855 2725 d'hommes
1879 2677 2095 2724 arrivent
2113 2675 2144 2722 ὰ
2160 2680 2273 2721 cette
2291 2672 2366 2734 fin
2386 2670 2514 2736 qu'a·

1496 2760 1686 2806 menent
1714 2758 1778 2806 les
1807 2756 1933 2806 seuls
1950 2757 2150 2823 proqres
2169 2754 2226 2801 de
2243 2753 2382 2818 l’dqe.
2415 2751 2517 2800 Sur

1496 2858 1568 2889 un
1593 2839 1782 2889 million
1825 2837 2126 2893 d'individus
2150 2838 2179 2885 ὰ
2207 2838 2355 2902 peine
2381 2834 2514 2900 quel-

1496 2939 1725 2990 ques-uns
1739 2940 1771 2988 y
1779 2923 2104 2988 parviemtent
2121 2938 2139 2981 ,⁰
2157 2919 2197 2968 le
2225 2927 2343 2967 reste
2362 2925 2517 2965 meme

1497 3008 1527 3054 ὰ
1554 3014 1702 3053 toules
1731 3004 1795 3052 les
1830 3008 2027 3070 bpoques
2058 3002 2115 3050 de
2141 3002 2188 3049 la
2212 3003 2290 3050 vie
2311 3039 2324 3060 ‚
2345 3001 2514 3048 el’acci-

1499 3088 1634 3136 denis
1664 3104 1726 3136 ou
1744 3086 1801 3134 de
1830 3085 2060 3135 nealadies
2085 3122 2097 3144 s
2137 3095 2229 3134 etc.
2250 3082 2353 3133 Cfrj
2379 3086 2519 3132 etiam

1500 3169 1557 3219 L.
1575 3170 1759 3218 Martini
1783 3206 1796 3229 ‚
1833 3168 2043 3219 Lezioni
2061 3167 2116 3214 da·
2132 3166 2374 3231 fisioloqia
2387 3201 2402 3228 ,
2422 3165 2515 3213 To-

1500 3255 1602 3301 rino
1643 3250 1763 3300 1831
1793 3288 1804 3308 ,
1831 3261 1946 3300 tom.
1973 3268 2040 3299 xn
2060 3288 2074 3310 ‚
2105 3251 2191 3299 lez.
2221 3251 2308 3316 93.

1570 3333 1635 3396 (l)
1671 3331 1807 3382 Bulla
1856 3333 1990 3397 Greg.
2031 3350 2115 3380 xm
2157 3349 2170 3379 τ
2211 3330 2517 3380 provisionis

1501 3426 1693 3479 nostroe,
1714 3434 1803 3483 qua
1821 3417 2113 3465 confirmavit
2131 3414 2314 3463 Bullam
2335 3412 2386 3461 S.
2407 3411 2474 3458 Pii
2492 3429 2517 3457 v

1495 3503 1595 3567 jam
1628 3500 1810 3565 pridem
1843 3499 1999 3549 datam
2036 3499 2129 3546 kal.
2172 3495 2326 3545 octob.
2368 3491 2512 3558 1567.

1502 3583 1761 3649 Utramque
1790 3583 2080 3632 confirmavit
2107 3579 2322 3630 Urbanus
2359 3593 2457 3625 vm.
