2580 4152
417 197 579 234 PART.
625 195 696 230 111
764 191 884 231 cAP.
931 193 1010 229 1v.
1058 194 1128 229 DE
1172 191 1400 228 Paccs'rr
1444 189 1594 226 omo.
1640 187 1870 225 raone..
2082 167 2200 230 225

99 340 286 399 adhuc
325 354 622 397 remanere
655 343 955 414 peccatum
992 330 1268 410 originale
1294 331 1356 388 in
1391 329 1608 388 renatis
1653 349 1759 409 per
1784 326 2164 408 *baptismum
2185 373 2200 400 ,

101 455 282 514 quum
311 433 372 490 in
399 428 703 509 baptizatis
731 426 916 484 adhuc
957 425 1083 483 talis
1107 426 1467 483 inordinata.
1496 425 1854 482 sensualitas
1881 420 2159 480 subsistat
2177 464 2200 493 ,

101 549 165 586 ac
200 523 440 608 proinde
474 521 999 602 concupiscentiam
1039 541 1248 580 verum
1283 540 1407 577 esse
1447 529 1753 600 peccatum
1782 561 1799 590 7
1840 537 1970 598 quae
2009 516 2208 575 omnia

100 620 270 679 nimis
314 617 528 675 directe
578 616 856 674 doctrinae
885 613 1123 673 Concilii
1152 611 1480 671 Tridentini
1516 611 1925 671 adversantur.

177 712 314 771 474.
357 713 427 770 Et
455 710 577 768 haec
611 732 681 768 ex
704 709 1003 790 perspicua
1024 752 1040 781 ‚
1069 728 1247 788 quam
1271 705 1642 765 exhibuimus
1661 751 1676 780 a
1699 710 1869 783 juxta
1898 704 2201 764 catholicae

98 808 374 867 doctrinae
405 805 687 887 principia
706 849 722 877 ,
749 803 966 885 peccati
998 800 1289 880 originalis
1329 801 1569 860 notione
1607 800 1702 858 hic
1738 798 2046 859 deduxisse
2085 799 2213 859 suf·-

99 902 250 960 ficiat
268 946 284 975 ,
314 923 389 960 ne
412 900 584 958 nimis
610 897 821 980 prolixi
839 898 1046 970 simus3
1075 896 1298 976 reliqua
1325 906 1522 954 autem
1557 915 1686 976 quae
1714 914 1786 953 ex
1825 893 2031 955 eadem
2064 915 2204 979 pro-

101 996 298 1056 fluunt
326 1040 341 1070 2
371 994 504 1053 data
525 991 967 1075 opportunitate
987 1036 1003 1066 ‚
1033 989 1391 1052 evolvemuS.

899 1150 1387 1194 DIFFICULTATES.

184 1294 324 1354 475.
368 1292 496 1370 Obj.
522 1293 572 1350 E
593 1290 796 1371 mytho
818 1311 978 1349 sacro
1003 1288 1296 1368 (hominis
1316 1289 1551 1370 lapsus)
1574 1289 1736 1348 nulla
1765 1290 2048 1368 ejusmodi
2075 1291 2214 1372 dog-

100 1400 255 1448 mata
284 1389 348 1446 in
374 1408 526 1447 verae
555 1385 846 1464 religionis
875 1383 1202 1443 doctrinam
1243 1383 1575 1466 recipienda
1618 1396 1792 1457 sunt,
1832 1386 1945 1443 nisi
1989 1386 2050 1443 1Ο
2085 1408 2215 1467 quae
2298 1448 2301 1451 ,

100 1506 224 1564 non
253 1493 516 1564 pugnant
542 1502 676 1539 cum
697 1470 835 1538 'idea
872 1479 1130 1537 numinis
1182 1490 1242 1538 et
1277 1500 1409 1537 cum
1444 1489 1669 1538 naturae
1703 1479 1976 1540 humanae
2014 1481 2217 1540 indole

103 1578 309 1638 morali
332 1623 347 1649 ,
377 1575 574 1658 quales
609 1596 641 1634 e
670 1575 984 1656 Scripturae
1029 1575 1211 1632 Sacrae
1247 1573 1433 1633 effatis
1470 1572 1819 1632 indubitatis
1853 1595 1919 1633 ac
1953 1596 2218 1635 sanaera-

105 1674 252 1732 tioni
278 1668 756 1731 convenientibus
784 1680 938 1728 recte
978 1667 1393 1727 demonstratae
1432 1668 1670 1726 fuerint.
1715 1669 2123 1750 Quapropter,
2169 1671 2225 1742 si¹

105 1767 375 1845 dogmata
402 1765 474 1824 de
493 1775 728 1845 peccato
758 1763 992 1843 originis
1011 1774 1070 1821 et
1082 1763 1157 1822 de
1183 1762 1568 1843 imputatione
1594 1762 2122 1844 peccatiadamitici
2142 1766 2218 1824 ad

106 1861 257 1920 hanc
279 1860 464 1939 legem
493 1860 743 1937 exegeris
763 1904 779 1932 ,
798 1857 922 1917 haec
943 1858 1196 1916 maxime
1224 1856 1451 1917 tenebis
1481 1880 1494 1914 ε
1526 1858 1844 1929 Primum,
1875 1878 1984 1917 nec
2011 1859 2211 1939 beniq-

57 2006 60 2010 .
110 1961 358 2014 nitatem
392 1955 496 2013 Dei
526 1952 838 2013 concedere
856 1998 871 2026 ,
910 1963 978 2011 ut
1001 1973 1108 2034 per
1133 1952 1304 2010 unius
1332 1951 1585 2010 hominis
1612 1963 1914 2033 peccatum
1941 1954 2215 2013 universa

110 2050 418 2108 hominum
437 2059 645 2107 natura
668 2058 1073 2128 corrumpatur
1101 2058 1275 2128 atque
1296 2045 1667 2128 {depravetur
1681 2072 1697 2120 ς
1725 2067 1833 2105 nec
1848 2052 2219 2126 sapientiam

111 2145 234 2226 pati
254 2190 269 2218 .‚
294 2155 362 2202 ut
404 2165 546 2224 opus
564 2143 670 2202 Dei
691 2188 707 2216 .,
747 2141 820 2201 ab
848 2143 1015 2200 initio
1038 2141 1529 2222 praestantissimis
1566 2141 1916 2199 instructum
1947 2141 2180 2201 dotibus
2202 2188 2218 2218 ‚

116 2238 290 2318 paulo
319 2248 449 2318 post
481 2236 556 2295 ob
583 2257 812 2296 causam
832 2236 1189 2297 levissimam
1220 2236 1282 2294 in
1322 2234 1497 2294 aliam
1533 2234 1709 2316 plane
1749 2234 2215 2318 deterioremque

118 2330 509 2390 conditionem
521 2331 986 2404 transformetur3
1004 2351 1111 2390 nec
1108 2335 1430 2408 justitiam
1450 2329 1779 2405 admittere,
1795 2341 1862 2389 ut
1875 2330 2217 2391 innocentes

121 2424 195 2483 ob
223 2424 478 2485 alienum
505 2436 805 2506 peccatum
839 2427 919 2483 ita
945 2425 1268 2506 puniantur
1286 2469 1302 2499 .,
1328 2435 1396 2483 ut
1430 2425 1567 2506 ipsis
1592 2424 1870 2506 peccandi
1913 2427 2223 2485 necessitas

124 2522 481 2601 imponatur.
512 2520 659 2577 Hinc
684 2517 835 2578 bene
846 2523 971 2596 jam
995 2519 1253 2599 Pelagius
1269 2520 1522 2592 monuit,
1549 2520 1722 2577 nulla
1736 2523 1970 2577 ratione
1986 2522 2231 2578 concedi

110 2635 301 2696 posse,
326 2625 396 2672 ut
408 2616 573 2673 Deus
591 2658 608 2688 ,
635 2618 746 2692 qui
756 2618 1017 2692 propria
1036 2618 1289 2671 remittit
1303 2623 1553 2691 peccata
1568 2657 1584 2684 ‚
1611 2614 1810 2670 aliena
1837 2617 2091 2691 imputet
2107 2613 2221 2694 (l).

124 2710 350 2768 Deinde
364 2708 432 2766 20
447 2709 482 2766 J
486 2728 585 2766 esu
607 2708 785 2787 ipsius
801 2706 1031 2765 nullum
1061 2717 1221 2766 extat
1246 2706 1487 2764 effatum
1509 2750 1525 2780 ‚
1550 2727 1666 2786 quo
1692 2704 1901 2785 dogma
1921 2705 2068 2766 illud
2083 2728 2227 2766 con-

126 2802 421 2875 firmetur3
456 2822 564 2860 nec
582 2802 887 2882 quisquam
911 2802 1259 2881 scriptorum
1298 2820 1591 2859 sacrorum
1617 2811 1832 2879 praeter
1871 2801 2118 2860 Paulum
2132 2803 2226 2861 di-

128 2905 276 2953 serte
304 2895 456 2954 illius
478 2896 838 2954 mentionem
866 2894 1000 2954 fecit
1030 2920 1046 2968 ς
1092 2895 1210 2953 imo
1259 2906 1482 2953 naturae
1525 2894 1800 2953 humanae
1836 2906 1966 2975 post
1998 2895 2231 2978 lapsum

131 2987 305 3046 etiam
332 2990 624 3070 Scriptura
647 2991 815 3049 Sacra
856 3012 976 3048 non
1019 2988 1205 3047 solum
1228 2989 1414 3070 ipsam
1449 2989 1763 3068 imaginem
1790 2988 2050 3049 divinam
2070 3037 2086 3066 ,
2127 2993 2232 3052 sed

132 3103 366 3161 magnas
407 3105 636 3166 quoque
684 3083 949 3143 attribuit
978 3085 1129 3145 vires
1168 3083 1243 3142 ad
1271 3084 1551 3144 virtutem
1587 3082 1924 3159 colendam,
1955 3107 2131 3166 quam
2155 3109 2232 3148 ne

137 3175 378 3234 ethnicis
419 3178 654 3258 quidem
679 3178 956 3258 denegat,
982 3178 1300 3259 eademque
1326 3189 1560 3257 peccata
1591 3177 1666 3235 ad
1699 3177 1950 3239 liberum
1979 3179 2232 3240 hominis

148 3267 454 3332 arbitrium
477 3271 648 3351 plane
670 3275 1084 3355 perspicueque
1107 3273 1305 3346 refert,
1325 3283 1381 3331 et
1399 3272 1544 3330 filios
1569 3284 1944 3352 paternorum
1963 3286 2234 3354 peccato·-

138 3384 271 3422 rum
312 3385 515 3446 poenas
555 3365 713 3427 luere
754 3379 926 3448 negat
963 3368 1178 3448 (Dent.
1205 3369 1408 3442 XXIV,
1454 3368 1549 3442 163
1581 3370 1633 3425 II
1662 3368 1917 3449 (nempe
1941 3369 2057 3449 IV)
2095 3371 2230 3449 Reg.

130 3553 510 3617 peccaminosam
541 3552 875 3616 qualitatem...
922 3554 1138 3620 aliquam
1290 3555 1352 3617 (1)
1377 3555 1511 3620 Apud
1527 3555 1579 3605 S.
1597 3557 1927 3621 Augustinum‚
1948 3556 2030 3604 De
2034 3566 2225 3623 peccat.

140 3632 362 3682 moralem
381 3634 747 3699 corruptionem.
1223 3625 1381 3686 merit.
1410 3636 1499 3687 lib.
1527 3653 1583 3685 111
1607 3674 1622 3700 ,
1652 3654 1757 3703 cap.
1788 3634 1838 3686 8.

298 3727 363 3785 Τ.
413 3727 508 3785 III.
1911 3728 1983 3787 15
