2580 4152
421 231 577 268 PART.
626 230 715 265 111.
764 225 884 265 CAP.
933 227 1061 264 VIII.
1112 226 1179 260 DE
1223 222 1442 261 summo
1486 218 1764 257 EXTREMO.
2061 195 2175 255 417

81 372 375 441 Christus,
399 367 569 444 quadr
587 385 709 423 mm
739 367 1102 422 revelabitur
1117 408 1134 437 ,
1166 374 1224 423 et
1247 365 1572 433 occultum,
1608 361 1770 440 quod
1789 381 1910 420 mm
1932 364 2176 433 scietur,

81 462 330 543 (Matth.
350 462 427 518 -X
447 504 462 532 ,
503 459 582 516 26
600 460 657 536 ).
684 456 910 529 Quibus
939 442 1214 516 docemur
1249 457 1513 516 omnium
1551 467 1610 516 et
1646 454 2002 536 singulorum
2027 477 2183 515 con-

79 557 342 617 scientias
371 552 569 612 divina
593 551 983 611 illustratione
1003 550 1359 630 patefactum
1381 551 1451 608 iri
1471 595 1488 624 .,
1512 561 1579 608 ut
1607 548 1862 630 quilibet·
1878 563 2182 629 cognoscat

84 644 354 710 distincte
383 660 510 706 tum
538 646 691 704 hona
718 666 782 704 ac
810 643 962 702 mala
997 643 1231 723 propria
1250 687 1267 716 ,
1298 665 1428 724 quae
1457 644 1800 723 cogitatione
1818 689 1835 719 ‚
1866 643 2058 704 verbis
2087 655 2188 703 aut

88 766 258 826 opere
296 742 650 824 patraverit,
692 751 820 798 tum
859 737 1014 809 bona
1050 737 1247 807 omnia
1281 758 1346 795 ac
1379 738 1568 811 mala,
1614 759 1740 819 quae
1782 741 1956 798 ceteri
1996 761 2188 818 gesse-

85 841 203 897 rint
218 837 335 917 (1);
358 848 415 897 et
437 836 674 918 quidem
693 836 849 893 intra
865 831 1276 893 brevissimum
1298 832 1574 912 temporis
1598 832 1974 894 intervallum
1992 836 2192 894 omnia·

86 932 482 993 absolventur.
567 944 570 948 ’
2055 924 2059 928 ’

170 1029 308 1087 919.
337 1024 525 1099 *Quod
550 1025 596 1083 si
628 1021 889 1083 Christus
920 1018 1167 1082 visibilis
1205 1016 1542 1100 apparebit,
1575 1020 1786 1080 visibili
1822 1024 2040 1102 pariter
2071 1025 2192 1084 An-

92 1122 353 1202 gelorum
391 1121 618 1200 agmine
657 1119 902 1200 stipatus
924 1162 941 1191 ,
985 1115 1156 1195 longe
1193 1112 1843 1195 probabiliusssensibili
1877 1131 2192 1179 voce'sen-

92 1218 339 1276 tentiam
366 1214 622 1297 proferet
640 1258 656 1287 ,
681 1211 839 1294 quod
870 1214 1066 1271 Patres
1100 1223 1160 1272 et
1189 1212 1538 1292 interpretes
1566 1211 2044 1291 passimdocent.
2077 1218 2194 1275 Ne-

96 1333 207 1393 que
226 1311 288 1370 in
309 1311 417 1378 hoc
438 1307 658 1368 habent
674 1306 991 1368 adversarii
1007 1351 1024 1380 .,
1043 1306 1202 1388 quod
1219 1303 1656 1387 reprehendant
1670 1350 1686 1378 ,
1709 1326 1839 1364 cum
1862 1307 1982 1389 ipsa
2000 1331 2197 1369 rerum

97 1390 359 1484 analogia
386 1403 449 1462 id
473 1413 765 1483 exposcat.
793 1402 996 1482 Neque
1031 1411 1118 1461 est
1156 1398 1321 1482 quod
1342 1397 1716 1459 rationalistae
1749 1400 1978 1460 rideant
1996 1448 2012 1478 7
2056 1403 2199 1462 dum

98 1500 303 1561 vident
329 1510 609 1558 aeternam
635 1495 1057 1556 beatitudinem
1089 1494 1340 1578 proponi
1363 1492 1472 1552 sub
1497 1494 1746 1573 imagine
1771 1498 2037 1557 convivii.
2058 1501 2197 1572 Quis

101 1595 258 1653 enim
283 1593 488 1666 nescit„
506 1594 690 1651 Deum
707 1590 974 1649 homines
996 1590 1393 1671 alloquentem
1417 1589 1744 1648 infirmitati
1767 1602 1978 1651 nostrae
2000 1614 2201 1652 consu-

99 1687 306 1760 luisse,
340 1686 516 1761 dum,
556 1707 684 1767 quae
718 1705 955 1744 omnem
986 1685 1199 1744 mentis
1237 1695 1451 1744 nostrae
1491 1684 1673 1743 aciem
1715 1686 2004 1745 excedunt
2027 1733 2043 1763 7
2091 1710 2198 1771 per

104 1780 362 1862 symbola
389 1779 733 1864 proposuit?
760 1781 908 1840 Hinc
937 1780 1114 1839 modo
1142 1778 1340 1839 domui
1361 1825 1377 1854 ,
1412 1778 1586 1837 modo
1614 1800 1792 1860 regno
1812 1825 1826 1854 ,
1864 1781 2036 1840 modo
2066 1804 2200 1842 con-

105 1876 483 1938 vivio-aliisve
514 1875 827 1935 laetioribus
857 1873 1200 1954 imaginibus
1230 1873 1527 1934 coelestem
1553 1872 1977 1935 beatitudinem
2003 1877 2202 1936 Chris-

106 1982 199 2030 tus
241 1970 597 2051 comparavit
625 1969 733 2049 (2).
774 1969 1078 2028 Interdum
1115 1982 1254 2030 vero
1298 1991 1364 2029 ea
1399 1969 1463 2028 in
1504 1969 1811 2050 Scripturis
1849 1985 2158 2032 occurrunt
2184 2019 2201 2048 2

110 2085 238 2147 quae
260 2063 555 2125 sensibiles
577 2062 857 2142 ejusmodi
878 2063 1156 2144 imagines
1177 2064 1470 2144 corrigunt
1485 2110 1501 2138 .‚
1521 2085 1586 2123 ac
1608 2066 1904 2146 puriorem
1923 2067 2201 2127 exhibent

109 2160 369 2239 ejusdem
395 2169 623 2219 aeternae
644 2157 928 2218 felicitatis
963 2159 1267 2219 notionem
1298 2159 1410 2239 (3).
1456 2160 1796 2233 Quare'haec
1818 2161 2200 2222 ‘dissimulant

108 2253 479 2314 rationalistae
496 2297 512 2327 ,
535 2264 603 2311 ut
625 2262 1028 2335 contemptum
1054 2254 1116 2312 in
1145 2255 1317 2314 Sacra
1345 2252 1529 2314 Biblia
1558 2252 1987 2316 disseminent?
2051 2278 2054 2282 ’

192 2350 332 2408 920.
379 2347 607 2407 Falsum
633 2347 874 2408 omnino
898 2359 990 2407 est·
1005 2392 1022 2423 ‚
1048 2347 1207 2430 quod
1228 2346 1554 2429 obtrudunt
1577 2349 1653 2409 de
1677 2361 1936 2409 extremo
1952 2350 2169 2428 judicio
2185 2398 2200 2427 7

111 2445 452 2503 immediate
477 2452 610 2524 post
632 2441 1163 2523 Hierosolymorum
1187 2444 1550 2505 eversionem
1575 2443 1983 2519 subsecuturo;
2014 2468 2204 2528 neque

112 2539 174 2598 id
207 2538 483 2598 evincunt
512 2536 633 2596 loca
671 2538 1131 2619 Scripturarum,
1168 2561 1298 2621 quae
1338 2537 1727 2598 adducuntur.
1762 2542 1910 2598 Tum
1943 2543 2074 2621 quia
2112 2543 2207 2599 in-

113 2644 335 2692 certum
361 2631 548 2691 adhuc
572 2642 658 2691 est
677 2677 693 2707 .,
712 2642 911 2693 utrum
941 2633 1201 2694 Christus
1231 2635 1296 2692 in
1321 2624 1505 2693 citatis
1531 2633 1670 2693 locis
1698 2632 2063 2714 loquaturde
2084 2635 2206 2695 sola

115 2727 641 2809 Hierosolymorum
663 2729 957 2790 eversione
972 2775 988 2804 ,
1008 2751 1085 2788 an
1107 2715 1284 2790 etiam
1308 2729 1382 2790 de
1402 2740 1663 2790 extremo
1677 2727 1895 2806 judicio
1912 2749 1977 2786 ac
1998 2730 2207 2788 mundi

115 2823 230 2881 fine
257 2823 378 2903 (4)3
410 2834 536 2882 tum
564 2822 696 2904 quia
716 2868 733 2898 ‚
760 2822 869 2885 hoc
889 2825 1064 2885 etiam
1090 2824 1344 2905 admisso
1368 2872 1383 2901 ,
1413 2845 1717 2906 nunquam
1745 2822 2010 2883 Christus
2033 2823 2203 2900 dixit,

186 3041 246 3104 (1)
281 3039 379 3089 Cfr.
403 3041 581 3090 Lessius
598 3052 622 3101 ‚'
641 3037 720 3090 De
738 3042 937 3108 perfect.
954 3042 1114 3092 divin.
1199 3040 1251 3100 6,
1286 3060 1313 3109 7
1336 3058 1350 3104 3
1382 3041 1519 3090 Joan.
1555 3057 1630 3089 xvl
1648 3077 1661 3098 ‚
1691 3056 1753 3087 22
1773 3077 1787 3098 ,
1815 3051 1861 3090 et
1885 3041 1993 3090 alibi
2016 3045 2205 3107 passim.

116 3122 200 3170 lib.
231 3138 341 3181 xm,
379 3139 482 3186 cap.
516 3138 578 3170 22
598 3160 612 3182 ,
644 3141 694 3171 n.
737 3124 826 3192 137
859 3135 902 3172 et
934 3134 1066 3191 seqq.'
1198 3123 1311 3172 Vid.
1351 3131 1559 3172 auctores
1589 3123 1730 3169 citati.

186 3203 254 3265 (⁶2)
288 3202 388 3252 Cfr.
436 3203 773 3265 Berlarminus,
820 3208 902 3254 De
939 3214 1119 3254 oeterna
1268 3204 1334 3265 (k)
1371 3203 1469 3254 Cfr.
1504 3201 1944 3263 Phil.-Lallemant‚
1973 3203 2020 3251 S.
2046 3203 2092 3252 J.
2119 3204 2209 3251 Ri-

111 3282 341 3348 felicitate
366 3283 655 3333 Sanctorum
683 3284 799 3334 libri
826 3304 857 3336 v
874 3324 889 3348 ‚
928 3287 1011 3336 ubi
1045 3290 1120 3352 pie
1194 3286 1412 3350 fleesioni
1441 3282 1643 3345 morali,
1667 3291 1754 3331 ete.
1784 3284 1862 3331 sul
1879 3284 2056 3333 ‘Naovo
2084 3285 2209 3333 Tes-

117 3382 170 3413 ac
203 3365 336 3414 docte
368 3375 514 3414 totum
540 3367 627 3415 hoc
659 3379 981 3432 argumentum
1012 3386 1120 3433 pro-
1200 3375 1316 3414 tam.
1359 3365 1485 3413 trad.
1526 3363 1610 3412 dal
1636 3365 1802 3430 franc.
1845 3364 2003 3415 Roma·
2042 3369 2160 3433 ¹79¹
2195 3405 2208 3424 ,

117 3448 337 3511 sequitur.
357 3447 412 3494 Et
428 3447 598 3496 Bened.
630 3448 786 3499 Plazza
804 3487 818 3511 ‚
851 3450 899 3499 S.
927 3450 974 3499 J.
1002 3447 1116 3498 Di-s-
1197 3457 1315 3498 tom.
1346 3465 1392 3506 1,
1413 3447 1470 3495 ad
1491 3464 1594 3511 cap.
1623 3445 1688 3510 24
1709 3485 1721 3506 ,
1739 3465 1784 3497 v.
1812 3463 1876 3512 29
1902 3447 1947 3495 S.
1965 3447 2174 3495 Matthaei
2192 3485 2205 3506 ‚

116 3535 227 3575 sert.
263 3527 320 3574 de
349 3530 611 3594 paradise,
651 3549 749 3596 par.
790 3548 806 3579 ι
831 3569 846 3594 ,
883 3550 986 3598 cap.
1023 3548 1040 3579 1
1074 3541 1119 3579 et
1200 3531 1281 3579 ubi
1320 3529 1557 3578 contendit
1598 3529 1686 3576 hoc
1731 3538 1869 3592 caput
1906 3530 2036 3576 nullo
2075 3531 2210 3577 modo

119 3626 250 3675 seqq.
275 3609 486 3659 Panormi
521 3610 665 3676 1762,
786 3644 790 3650 -
1201 3612 1493 3661 referendum
1524 3627 1619 3658 esse
1660 3610 1719 3657 ad
1763 3609 1993 3675 judicium
2034 3610 2203 3670 finale,

122 3736 127 3744 ,
182 3689 246 3752 (3)
283 3690 374 3740 Csr.
411 3709 428 3738 1
450 3692 554 3742 Cor.
588 3710 668 3743 xm
690 3732 703 3756 ‚
738 3710 829 3758 ¹23
857 3711 893 3743 11
917 3693 1024 3744 Cor.
1056 3711 1117 3753 v,
1202 3693 1393 3759 perinde
1427 3709 1482 3743 ac
1514 3694 1612 3741 loca
1644 3690 1863 3756 parallela
1898 3691 1950 3739 S.
1993 3691 2136 3741 Marci
2168 3701 2213 3742 et

164 3787 171 3793 ’
270 3771 334 3830 Τ.
386 3775 481 3830 ΙΙΙ.
1893 3771 1971 3829 27
