2580 4152
309 292 464 334 PAR‘r.
494 296 535 330 1.
570 292 672 331 car
698 290 758 331 v.
789 291 857 326 nn
887 288 1175 326 nAEnromm
1202 289 1319 326 cum
1345 287 1652 326 Homnnms
1686 288 2027 329 commanem.
2147 272 2223 330 63

116 432 529 517 compescenda
557 457 572 505 ς
601 442 660 491 et
682 430 802 490 haec
830 429 1068 512 quidem
1091 431 1153 489 in
1181 430 1491 513 hypothesi
1515 429 1981 491 adversariorum
2005 479 2020 507 7
2047 456 2224 515 quam

118 542 316 589 tamen
338 524 644 605 rejicimus,
766 590 769 591 ⁷
1008 516 1011 529 ⁹
2221 599 2225 601 -

202 626 335 682 129.
387 621 474 682 Ad
499 623 606 694 ΞΜ,
639 622 790 700 Ney.
823 623 955 680 Non
979 622 1134 686 enim
1150 620 1462 700 exlegibus
1487 621 1769 699 ejusmodi
1783 624 2222 704 superstitiones

50 737 58 741 *
118 719 397 798 originem
420 717 736 788 duxerunt7
770 715 873 774 sed
895 737 1027 774 cum
1043 720 1167 794 jam
1184 715 1354 795 longe
1380 715 1610 797 lateque
1639 729 1964 798 propagatae
1991 731 2184 778 essent
2204 762 2220 794 7

115 835 181 871 ac
209 811 441 894 publica
462 812 805 892 privataque
827 833 916 870 res
946 811 1350 892 gravissimum
1385 810 1809 870 detrimentum
1836 825 2067 894 caperet
2085 860 2101 889 7
2135 814 2224 875 le-

116 930 210 988 ges
235 918 701 989 supervenerunt
729 952 743 979 7
783 906 858 964 ad
894 906 1016 965 haec
1055 906 1206 964 mala
1240 917 1341 963 aut
1373 905 1622 964 delenda
1658 908 1891 987 penitus
1912 953 1928 981 7
1964 920 2065 967 aut
2105 909 2224 968 sal-

117 1015 238 1062 tem
261 1000 674 1083 compescenda
696 1026 711 1073 3
742 1000 997 1082 alioquin
1024 998 1201 1059 stulte
1223 1001 1467 1058 omnino
1484 1000 1828 1060 concludere
1852 1001 2219 1079 deberemus7

116 1096 423 1155 homicidia
442 1141 457 1169 7
494 1096 646 1154 furta
673 1141 689 1169 7
732 1095 1131 1176 adulteriaque
1169 1115 1234 1153 ac
1263 1094 1404 1153 vitia·
1436 1105 1624 1153 cetera
1657 1116 1726 1153 ex
1755 1094 1979 1175 legibus
2021 1109 2222 1159 contra

118 1190 321 1249 eadem
343 1190 581 1272 prolatis
612 1202 746 1248 orta
775 1200 877 1248 aut
908 1189 1023 1247 alta
1047 1188 1221 1246 fuisse
1239 1232 1255 1260 7
1281 1188 1464 1268 iisque
1497 1209 1702 1246 ansam
1734 1200 1834 1247 aut
1865 1193 2223 1252 occasionem

120 1285 447 1368 praebuisse.

205 1379 339 1438 130.
367 1378 563 1451 Ad3m7
585 1380 742 1438 Dist.
766 1378 849 1436 Ex
871 1398 1058 1459 pravo
1078 1376 1273 1456 legum
1296 1399 1403 1435 usu
1424 1423 1439 1450 7
1466 1388 1680 1452 tranat,
1709 1400 1782 1436 ex
1804 1378 2024 1458 legibus
2043 1383 2183 1463 ipsis
2203 1431 2218 1459 7

120 1496 245 1554 neq.
266 1475 384 1532 Nec
398 1474 555 1531 enim
572 1472 687 1531 duo
701 1472 820 1531 haec
836 1473 992 1531 inter
1007 1494 1068 1531 se
1083 1473 1439 1531 eom-misceri
1456 1485 1721 1554 possunt.
1742 1475 1918 1554 Leges
1932 1477 2222 1558 siquidem

117 1569 348 1650 optimae
372 1567 670 1627 interdum
705 1578 877 1641 sunt7
921 1579 1009 1626 ast
1044 1589 1225 1649 prave
1257 1569 1498 1626 omnino
1535 1569 1807 1627 in'usum
1851 1570 2223 1634 deducuntur

116 1664 239 1723 sive
266 1685 336 1723 ex
362 1663 623 1741 judicum
658 1662 1043 1722 immoderato
1082 1663 1290 1722 ardore
1330 1684 1394 1721 ac
1432 1660 1795 1744 praejudicio7
1832 1666 1953 1724 sive
1992 1688 2064 1726 ex
2084 1671 2223 1749 per-'-

119 1780 283 1820 versa
309 1779 507 1817 earum
536 1757 917 1837 intelligentia
941 1803 956 1832 7
995 1758 1115 1817 sive
1141 1779 1211 1816 ex
1242 1759 1630 1839 quaestionum
1668 1770 1770 1819 aut
1797 1781 2176 1841 processuum
2203 1811 2219 1835 7

118 1864 183 1912 ut
210 1855 373 1911 aiunt
408 1899 424 1927 7
458 1852 686 1912 defectu
722 1899 737 1927 7
766 1854 887 1914 sive
930 1874 1294 1934 quacumque
1324 1852 1434 1911 alia
1481 1853 1553 1912 de
1584 1875 1751 1913 causa
1773 1900 1789 1929 7
1834 1877 1905 1914 ex
1941 1863 2222 1940 cujusque

115 1950 299 2008 aetatis
326 1948 644 2030 praesertim
675 1947 955 2007 moribus,
990 1949 1136 2007 Fieri
1166 1949 1416 2030 proinde
1440 1950 1632 2029 potuit
1666 1995 1682 2023 7
1726 1961 1792 2008 ut
1819 1951 2221 2016 invalescente
2249 1969 2251 1972 ‘

117 2045 322 2103 timore
359 2055 460 2103 aut
497 2044 728 2122 majoris
766 2043 904 2102 mali
951 2042 1261 2102 formidine
1297 2044 1519 2102 innoxii
1557 2045 1908 2127 quandoque
1934 2069 2067 2106 cum
2108 2050 2220 2110 reis

116 2139 619 2221 permiscerentur.
654 2140 731 2197 Ut
754 2138 1076 2221 plurimum
1102 2149 1300 2198 tamen
1317 2184 1333 2212 7
1359 2138 1516 2220 quod
1540 2139 2044 2202 animadversione
2088 2144 2218 2225 dig-

115 2257 262 2293 num
295 2246 382 2294 est
401 2281 417 2309 7
450 2234 552 2315 qui
578 2233 652 2293 ad
686 2234 1037 2315 supplicium
1066 2233 1453 2293 trahebantur
1472 2280 1487 2309 7
1514 2235 1621 2294 etsi
1649 2234 1769 2294 solo
1792 2236 2220 2317 imaginationis

41 2324 43 2327 ’
114 2341 253 2387 aestu
276 2328 608 2388 laborarent
634 2374 650 2403 7
677 2328 947 2409 gravibus
972 2328 1309 2389 criminibus
1338 2328 1853 2411 obstringebantur
1874 2378 1890 2407 7
1919 2333 1994 2392 de
2011 2334 2220 2415 quibus

115 2422 284 2502 longe
307 2423 521 2482 facilius
551 2435 812 2483 constare
848 2435 1101 2507 poterat.

199 2519 334 2577 131.
385 2519 472 2577 Ad
511 2519 616 2593 4³²7
647 2520 798 2600 Ney.
848 2522 1080 2578 Frustra
1120 2519 1398 2600 gloriatur
1438 2520 1842 2603 philosophia,
1879 2545 1980 2582 seu
2022 2526 2218 2606 potius

112 2614 483 2673 incredulitas
506 2660 521 2688 7
553 2636 613 2673 se
638 2614 826 2674 lucem
855 2615 1115 2674 attulisse
1162 2615 1237 2673 ad
1273 2615 1545 2674 tenebras
1582 2617 1881 2696 fugandaS.
1924 2619 2026 2678 His
2058 2621 2219 2679 enim

111 2708 278 2769 malis
313 2710 547 2767 nonnisi
578 2730 716 2769 vera
743 2709 940 2788 religio
966 2730 1261 2769 occurrere
1290 2711 1479 2790 potuit
1504 2732 1612 2792 per
1634 2711 1863 2771 divinas
1888 2735 2018 2772 suas
2045 2715 2219 2772 insti-

111 2806 364 2864 tutiones
385 2851 400 2880 7
434 2803 647 2887 quibus
685 2802 788 2863 has
813 2804 1134 2885 paganismi
1169 2803 1352 2864 veluti
1384 2803 1652 2886 reliquias
1688 2807 1928 2865 omnino
1957 2807 2175 2869 delevit
2196 2855 2213 2884 7

114 2921 238 2981 quae
270 2899 414 2958 altas
446 2899 663 2958 radices
686 2898 749 2956 in
779 2898 1008 2980 populis
1047 2909 1301 2979 egerant.
1332 2899 1450 2957 Hos
1488 2900 1614 2981 ipsa
1654 2900 1883 2961 edocuit
1923 2902 2071 2963 nihil
2098 2902 2217 2963 dae-

112 3016 313 3054 mones
349 3017 517 3077 posse
560 2993 778 3076 absque
817 2995 924 3053 Dei
967 3005 1134 3052 nutu.
1185 2996 1333 3053 Sane
1373 2994 1881 3071 ecclesiastici-viri
1909 3000 2082 3080 primi
2124 3022 2218 3059 ru-

116 3088 301 3149 diores
333 3088 578 3171 populos
596 3089 669 3148 ab
698 3089 978 3168 ejusmodi
1006 3091 1513 3171 superstitionibus
1543 3091 1933 3153 abduxerunt.
1963 3095 2217 3154 Frideri-

115 3205 214 3242 cus
238 3185 382 3266 Spee
401 3186 696 3245 Societatis
723 3187 757 3244 J
762 3207 863 3244 esu
889 3186 1154 3244 omnium
1185 3187 1407 3267 primus
1433 3187 1493 3246 in
1514 3188 1838 3248 Germaniae
1859 3189 2213 3269 regionibus7

116 3277 217 3336 ubi
242 3300 536 3359 processus
573 3280 942 3362 potissimum
984 3280 1443 3341 instituebantur
1485 3282 1762 3343 adversus
1802 3306 1961 3364 sagas
1986 3330 2002 3358 7
2029 3285 2215 3345 facem

117 3372 311 3432 attulit
329 3418 344 3447 7
375 3385 546 3455 atque
574 3375 731 3434 hunc
760 3397 882 3434 non
911 3375 1099 3434 solum
1121 3376 1398 3435 Catholici
1417 3424 1432 3450 7
1461 3377 1564 3437 sed
1591 3379 1702 3466 ipsi
1726 3381 2122 3440 protestantes
2155 3391 2239 3440 et

116 3466 442 3550 philosophi
472 3470 651 3529 secuti
689 3481 827 3530 sunt
855 3469 963 3551 (l).
1009 3472 1158 3531 Sane
1193 3472 1548 3555 antiquiores
1590 3473 1969 3558 philosophos
2010 3474 2214 3535 ceteris

182 3673 249 3736 (l)
282 3673 401 3722 Cum
428 3673 709 3724 Leibnitzius
736 3678 787 3724 in
810 3675 1080 3725 Theodicea
1097 3712 1114 3737 ,
1202 3675 1376 3727 Genev.
1429 3676 1618 3745 1768),
1659 3689 1858 3729 vocasset
1898 3676 2212 3726 Fridericum

116 3769 166 3816 p.
197 3770 214 3801 1
241 3791 256 3815 ,
285 3753 393 3822 §96
419 3758 557 3818 (tom.
580 3772 597 3803 1
616 3793 630 3816 ‚
662 3774 770 3823 opp.
804 3757 920 3807 edit.
944 3758 1121 3808 Dutens
1204 3757 1323 3824 Spee
1343 3796 1357 3821 ‚
1384 3758 1658 3822 Inuitum,
1685 3778 1839 3810 unum
1863 3777 1888 3808 6
1903 3762 2214 3827 prevalentis<
