2580 4152
309 125 431 184 242
975 148 1170 187 ruer.
1222 151 1290 186 nn
1334 151 1440 190 nno
1484 149 1798 192 eunucus.

309 289 697 353 invalesceret
735 290 989 349 absurda
1044 292 1332 369 ejusmodi
1381 291 1643 353 doctrina
1670 296 1697 352 P
1753 297 2239 361 Concludendum
2282 303 2458 384 igitur

309 399 398 449 est
420 435 436 464 7
457 387 533 446 ad
557 386 915 446 merendum
942 385 1040 448 vel
1055 386 1490 448 demerendum
1508 433 1525 464 7
1543 400 1676 467 etc.7
1701 407 1885 477 prout
1917 397 2454 462 demonstrandum

312 484 738 565 assumpsimus
775 481 889 563 (l).

1151 647 1647 692 DIFFICULTATES.

392 772 531 833 518.
578 771 713 851 Obj.
761 772 936 855 prim.
968 773 1026 831 S.
1071 774 1427 854 Augustinus
1469 776 1689 856 passim
1732 776 1903 838 docet
1917 788 2220 853 ,omnem
2258 799 2456 848 actum

308 869 714 934 voluntarium
740 866 1000 929 liberum
1017 890 1142 928 esse
1166 890 1235 929 eo
1262 870 1387 952 ipso
1409 916 1425 946 7
1445 871 1605 953 quod
1620 895 1654 931 a
1681 872 1989 936 voluntate
2013 879 2285 960 profluat.
2307 885 2457 946 Nam

308 965 416 1026 lib.
446 968 538 1026 De
558 969 711 1045 spir.
741 974 795 1023 et
824 966 937 1024 litt.
969 986 1098 1048 cap.
1134 966 1362 1024 XXXI:
1398 967 1529 1026 Hoc
1549 1013 1565 1043 7
1599 968 1794 1051 inquit
1820 1015 1836 1045 7
1876 974 2125 1053 quisque
2157 980 2227 1035 in
2259 991 2455 1058 potes-

309 1074 426 1123 tate
454 1063 673 1122 habere
701 1063 937 1121 dicitur
951 1105 973 1135 ,
1017 1064 1182 1143 quod
1202 1067 1261 1123 si
1297 1065 1428 1124 vult
1443 1067 1608 1142 facit
1620 1090 1642 1133 ‚·
1682 1072 1739 1125 si
1780 1089 1904 1127 non
1935 1072 2064 1128 vult
2107 1093 2231 1132 non
2260 1079 2458 1153 facit,-

310 1170 371 1220 et
400 1162 489 1220 De
512 1164 627 1218 civ.
659 1159 784 1218 Dei
809 1205 825 1234 7
863 1157 971 1218 lib.
1002 1160 1081 1235 V7
1122 1180 1247 1240 cap.
1273 1162 1326 1219 X
1358 1183 1370 1219 :
1403 1161 1651 1222 Necesse
1678 1175 1793 1236 est,
1822 1176 1926 1239 αἰ,
1953 1169 2116 1246 quod
2136 1172 2411 1232 volumus
2439 1218 2460 1248 ,

306 1259 494 1316 libero
537 1257 793 1314 velimus
818 1256 1119 1329 arbitrz'03
1149 1267 1209 1315 et
1229 1255 1369 1314 alibi
1401 1258 1621 1339 passim
1658 1258 1770 1340 (2).
1819 1262 1967 1320 Huic
2006 1263 2287 1326 doctrinae
2313 1268 2457 1327 sub—

309 1351 513 1412 scribit
556 1353 616 1410 S.
667 1353 917 1433 Prosper
944 1394 966 1424 ,
1008 1350 1110 1410 lib.
1178 1352 1403 1411 Contra
1455 1354 1807 1414 Collatorem
1827 1402 1843 1431 7
1898 1377 2026 1439 cap.
2086 1361 2305 1435 XVIII,
2353 1364 2455 1423 ubi

309 1448 444 1508 ideo
473 1470 580 1507 nos
604 1445 819 1508 liberos
848 1446 1100 1506 adstruit
1133 1468 1258 1507 esse
1305 1447 1413 1507 sub
1445 1451 1627 1529 gratia
1653 1496 1669 1526 7
1712 1453 1850 1533 quia
1889 1457 2133 1515 volentes
2170 1479 2450 1538 oramus7

306 1548 557 1605 volentes
600 1547 914 1623 loquimur
927 1587 947 1616 ,
981 1545 1228 1602 volentes
1268 1565 1597 1623 operamur
1623 1592 1639 1621 7
1671 1557 1783 1606 etc.
1834 1547 2159 1610 Subscribit
2186 1554 2246 1612 S.
2273 1557 2449 1616 Joan.

304 1644 703 1701 Damascenus
729 1684 744 1714 7
778 1641 870 1699 De
889 1640 1041 1719 βόε,
1069 1637 1175 1698 lib.
1214 1639 1333 1715 1117
1366 1661 1495 1722 cap.
1526 1643 1682 1716 XIV,
1711 1642 1855 1702 dum
1894 1645 1976 1704 ait
2011 1668 2024 1704 ε
2057 1647 2340 1710 Arbitriz'
2375 1655 2455 1712 li-

307 1742 508 1800 bertas
532 1739 696 1797 nihil
712 1738 895 1795 aliud
911 1747 1000 1796 est
1019 1758 1210 1816 quam
1233 1739 1535 1797 voluntas,
1563 1737 1952 1801 Subscribunt
1973 1743 2228 1827 denique
2249 1749 2307 1807 S.
2335 1749 2461 1808 Ful-

307 1837 538 1918 gentius
560 1881 576 1910 7
611 1836 666 1894 S.
695 1833 1028 1894 Bernardus
1056 1880 1072 1909 7
1108 1835 1168 1893 S.
1211 1833 1523 1894 Anselmus
1548 1834 1782 1918 aliique.
1812 1839 1980 1918 Ergo,

390 1933 533 1992 519.
567 1934 739 2014 Resp.
783 1932 941 1991 Dist.
973 1941 1166 1989 antee.
1204 1932 1388 1989 Docet
1418 1932 1476 1990 S.
1520 1932 1878 2011 Augustinus
1912 1955 2047 1994 cum
2075 1935 2314 2020 reliquis
2345 1943 2458 2001 Pa-

308 2029 499 2089 tribus
537 2050 777 2088 omnem
822 2038 1021 2086 actum
1062 2025 1466 2088 voluntarium
1504 2049 1570 2087 eo
1614 2028 1741 2110 ipso
1779 2028 2032 2091 liberum
2073 2053 2199 2093 esse
2229 2079 2246 2109 7
2298 2037 2459 2117 quod

306 2124 566 2209 profluat
603 2146 636 2183 a
669 2123 976 2185 voluntate
999 2169 1015 2199 7
1046 2134 1336 2205 quatenus
1378 2134 1468 2183 est
1506 2123 1829 2185 formaliter
1872 2126 2183 2205 voluntas7
2225 2129 2286 2188 id
2328 2144 2454 2208 est7

307 2233 487 2306 prout
515 2221 768 2280 sumitur
792 2242 901 2303 pro
927 2218 1172 2280 electiva
1201 2218 1476 2279 facultate
1499 2267 1516 2297 7
1544 2242 1737 2295 conat,
1769 2233 2060 2304 quatenus
2088 2236 2301 2286 natura
2325 2239 2415 2288 est
2437 2274 2454 2304 7

307 2340 411 2379 seu
434 2329 613 2401 prout
637 2317 754 2397 agit
778 2338 849 2376 ex
878 2326 1090 2375 natura
1114 2361 1130 2390 7
1161 2337 1291 2396 neq.
1319 2315 1552 2397 Duplici
1582 2318 1744 2377 enim
1779 2340 1956 2378 sensu
1989 2322 2316 2383 voluntatis
2339 2346 2456 2385 vox

307 2415 580 2498 usurpari
593 2413 919 2489 consuevit7
941 2423 1071 2472 tum
1087 2433 1304 2494 nempe
1319 2412 1395 2472 ad
1406 2412 1749 2474 facultatem
1767 2414 2101 2475 naturalem
2116 2419 2298 2478 animi
2314 2442 2455 2480 nos-

310 2511 389 2572 tri
409 2510 875 2592 significandam7
911 2531 1042 2592 quae
1055 2531 1165 2592 per
1198 2507 1445 2568 modum
1474 2521 1704 2571 naturae
1729 2511 1804 2570 ad
1826 2534 2016 2571 unum
2046 2512 2453 2576 determinatas

309 2628 378 2668 ac
405 2608 751 2668 necessitate
776 2605 1124 2689 impellente
1152 2616 1427 2667 movetur
1453 2631 1469 2680 ς
1514 2617 1646 2665 tum
1668 2606 1745 2666 ad
1781 2606 2031 2667 liberam
2063 2609 2254 2690 ipsam
2297 2614 2452 2688 ejus—

312 2705 453 2766 dem
494 2703 818 2766 voluntatis
863 2702 1213 2763 electionem
1250 2747 1266 2777 7
1304 2723 1438 2784 quae
1495 2702 1863 2785 praecedente
1914 2702 2336 2764 deliberatione
2374 2704 2449 2765 ab

311 2802 523 2862 eadem
552 2799 858 2862 voluntate
882 2798 1066 2861 veluti
1092 2798 1331 2882 proprio
1352 2809 1519 2858 motu
1535 2800 1622 2858 fit.
1653 2801 1821 2859 Hanc
1835 2799 2277 2860 distinctionem
2296 2805 2451 2879 jam-

310 2898 412 2958 diu
438 2900 497 2958 S.
530 2897 783 2957 Thomas
796 2895 1026 2957 viderat
1050 2919 1065 2954 :
1107 2897 1396 2957 Voluntas
1415 2940 1431 2971 7
1454 2895 1679 2978 inquit7
1708 2899 1778 2954 in
1802 2905 2109 2975 quantum
2139 2899 2445 2972 volunta-37

379 3106 450 3170 (l)
488 3103 807 3154 Consulantur
843 3105 903 3153 de
939 3102 1030 3153 hac
1065 3104 1334 3169 gravissima
1416 3106 1466 3150 in
1495 3102 1616 3151 libro
1646 3105 1871 3169 inscrIpto
1891 3138 1907 3163 ,
1941 3101 2282 3168 L'infarinato
2306 3113 2445 3172 posto

309 3191 563 3257 quaestione
582 3225 599 3251 ‚
633 3199 796 3255 praeter
826 3187 1066 3237 Patavium
1090 3189 1140 3234 in
1186 3185 1333 3234 tribus
1416 3184 1498 3234 nel
1523 3185 1680 3250 vaqlio
1699 3223 1714 3246 ‚
1741 3185 2003 3235 doctrinam
2032 3186 2309 3237 catholicam
2343 3191 2442 3238 im-

308 3276 554 3338 postremis
572 3273 703 3321 libris
722 3272 803 3322 De
829 3273 952 3340 opis.
971 3290 1026 3322 ac
1045 3274 1097 3320 in
1114 3270 1166 3320 E
1168 3269 1333 3319 lencho
1417 3278 1715 3335 pugnaverat,
1732 3268 2019 3336 etTournely
2035 3271 2086 3319 in
2105 3268 2335 3337 Append.
2360 3287 2447 3320 sae-

308 3357 420 3406 adv.
458 3353 510 3407 V
507 3358 609 3406 inc.
636 3357 793 3405 Lenis
809 3393 823 3415 ,
853 3366 900 3405 et
927 3355 1013 3404 lib.
1037 3372 1086 3403 lx
1104 3390 1118 3414 ‚
1145 3355 1227 3402 De
1250 3356 1330 3402 in·
1415 3354 1519 3418 pius
1544 3351 1754 3400 laudata.

308 3457 476 3501 carn„
493 3440 565 3489 De
583 3439 789 3504 Champs
805 3437 857 3486 S.
872 3438 901 3486 J
908 3474 921 3487 .
941 3441 992 3487 in
1005 3439 1185 3503 egregio
1201 3455 1338 3503 opere
1488 3433 1554 3499 (2)
1593 3431 1764 3482 Omnia
1798 3432 1848 3483 S.
1891 3433 2104 3484 Doctoris
2139 3436 2402 3484 testimonia
2425 3472 2439 3495 ‚

308 3521 394 3571 De
432 3522 610 3572 hoeresi
649 3520 956 3570 Janseniana
975 3559 988 3581 ‚
1029 3520 1245 3587 Maffejus
1287 3523 1338 3569 in
1419 3534 1521 3583 quae
1543 3515 1636 3564 huc
1660 3517 1819 3565 referri
1845 3528 2055 3583 possent,
2082 3517 2269 3583 collegit
2293 3527 2442 3565 etex-

306 3604 542 3654 Historia
565 3604 826 3670 theologica
845 3642 857 3664 7
878 3614 925 3653 et
940 3606 992 3652 in
1009 3605 1170 3653 ceteris
1187 3606 1335 3669 scrip-
1419 3598 1581 3664 pendit
1605 3598 1836 3649 PetaviuS.
1863 3618 1943 3666 op.
1959 3603 2039 3649 cit.
2065 3617 2152 3650 nec
2166 3616 2266 3649 non
2284 3598 2439 3648 Tour-

308 3690 366 3736 tis
406 3707 510 3757 quae
547 3690 763 3756 opposuit
796 3687 850 3738 P.
883 3686 1179 3753 Migliavacca
1198 3725 1212 3750 ,
1254 3688 1337 3753 qui
1419 3681 1531 3747 nely
1546 3681 1637 3732 loc.
1668 3684 1750 3731 cit.
1782 3700 1876 3733 sec.
1906 3682 2007 3751 obj.
