2580 4152
319 287 399 346 22

968 311 1172 349 TRACT.
1219 311 1287 347 DE
1330 311 1433 348 DEO
1477 312 1785 350 GREATORE.

318 451 499 531 Igitur
521 448 785 531 Synodus
802 450 892 510 his
919 449 1110 511 verbis
1136 450 1473 531 singillatim
1496 456 1531 512 J
1535 454 1739 513 oannis
1766 453 2290 515 Thessalonicensis
2315 455 2435 537 opi-

316 548 556 606 nionem
582 547 799 625 rejecit.
1326 617 1329 620 ¹

397 642 497 700 41.
547 643 628 700 Ex
672 641 838 700 dictis
871 640 1132 721 sequitur
1173 642 1234 698 1Ο
1271 641 1516 722 Angelos
1557 665 1678 703 esse
1716 656 1926 704 natura
1966 667 2067 723 sua
2103 651 2434 724 incorrup-

314 738 529 795 tibiles.
574 738 662 795 An
701 737 918 817 pariter
954 734 1185 794 dicendi
1223 738 1341 795 sint
1381 749 1588 798 natura
1630 761 1731 798 sua
1762 744 2129 800 immortales
2158 787 2174 816 .,
2206 741 2435 821 discep-

317 842 522 890 tarunt
568 831 792 911 antiqui
822 830 1192 913 *scholasticig
1241 827 1307 889 'at
1341 845 1600 913 spectato
1637 856 1809 893 sensu
1849 881 1864 909 7
1905 858 2019 917 quo
2061 836 2158 896 illa
2195 836 2435 918 quaestio

318 926 664 1005 intelligitur
697 947 855 983 nunc
890 948 921 983 a
960 925 1218 1007 probatis
1270 926 1669 1010 philosophis,
1714 951 1847 987 cum
1889 933 2074 1011 agitur
2112 931 2184 990 de
2226 931 2434 990 animae

314 1021 587 1080 humanae
620 1021 1091 1095 immortalitate,
1125 1022 1329 1103 procul
1360 1022 1537 1082 dubio
1576 1024 1780 1104 Angeli
1810 1037 2018 1084 natura
2056 1047 2157 1084 sua
2191 1027 2435 1085 immor-

315 1115 462 1175 tales
491 1115 724 1175 dicendi
752 1128 891 1174 sunt
918 1117 1027 1195 (l).

398 1211 495 1270 4⁶2..
541 1212 814 1293 Sequitur
842 1212 912 1269 20
938 1211 1185 1292 Angelos
1239 1212 1411 1272 valde
1452 1213 1788 1273 hominibus
1825 1225 2098 1297 praestare
2135 1226 2264 1273 tum
2310 1214 2442 1272 sub-

313 1308 529 1365 stantia
548 1352 563 1375 ..
596 1318 726 1366 tum
747 1306 1111 1387 intelligente
1134 1308 1351 1369 virtute
1381 1355 1396 1382 ,
1422 1321 1551 1367 tum
1583 1310 1836 1406 denique
1868 1309 2194 1394 exequendi
2224 1320 2440 1391 poten-

317 1402 397 1461 tia
436 1401 548 1483 (2).

1178 1570 1420 1628 CAPUT
1480 1571 1579 1629 III.

1030 1730 1097 1764 DE
1144 1728 1483 1766 ANGELORUM
1527 1729 1775 1768 OFFICIIS.

400 1921 500 1981 43.
531 1922 704 1981 Plura
730 1933 884 1981 certe
901 1933 1039 1981 sunt
1060 1923 1414 2003 Angelorum
1432 1924 1616 1983 officia
1637 1970 1653 1998 .‚
1677 1935 1764 1982 ast
1778 1925 2134 2007 praecipuum
2150 1936 2235 1985 est
2252 1927 2446 1985 Deum

328 2016 590 2092 laudare7
610 2022 782 2096 juxta
818 2017 964 2076 illud
993 2017 1235 2100 Apocal.
1271 2020 1407 2095 Vll,
1443 2020 1514 2077 11
1556 2042 1569 2078 :
1611 2020 1695 2080 Et
1726 2041 1924 2080 omnes
1958 2022 2181 2101 Anqeli
2208 2023 2453 2080 stabant
2533 2079 2535 2081 ,

318 2116 391 2170 in
418 2117 686 2171 circuitu
714 2114 995 2173 throni...
1030 2125 1087 2173 et
1121 2116 1466 2174 oeciderunt
1488 2119 1558 2175 ⁴in
1596 2128 1909 2196 conspeetu
1935 2118 2143 2176 throni
2161 2122 2230 2176 in
2252 2121 2445 2196 facies

321 2331 403 2380 ubi
422 2330 635 2396 Synodus
660 2333 901 2397 profitetur
932 2349 978 2381 se
1009 2333 1239 2381 honorare
1262 2372 1274 2392 ‚
1299 2344 1348 2382 et
1425 2335 1629 2381 trariam
1655 2335 1938 2382 sententiam
1972 2333 2231 2389 stabilivit,
2253 2333 2375 2397 fides
2401 2341 2446 2381 et

323 2413 555 2471 salutare,
587 2431 639 2461 ac
685 2414 874 2462 adorare
902 2417 1125 2479 imagines
1165 2425 1347 2463 sancto·
1426 2418 1713 2476 auctoritas,
1745 2433 1889 2480 quam
1904 2425 1958 2463 ut
1975 2433 2084 2463 cum
2109 2415 2190 2464 illo
2212 2417 2444 2463 committi

328 2513 435 2544 rum
449 2498 585 2544 etiam
602 2506 645 2543 et
660 2496 1047 2561 incorporeorum
1062 2496 1342 2561 Angelorum

322 2584 405 2626 τᾶν
440 2599 490 2626 τε
517 2575 658 2637 οἷγῖων
689 2577 765 2627 καὶ
794 2576 1048 2641 deceptiva»
1072 2577 1307 2638 οἷγγέλων.

390 2660 459 2708 Ex
505 2661 579 2709 his
629 2661 858 2726 colligitur
892 2699 905 2722 ,
956 2664 1116 2728 inique
1160 2680 1343 2727 prorsus

308 2741 660 2791 'Cudworthum
701 2742 861 2808 (Syst.
898 2744 1051 2793 intell.
1090 2746 1230 2810 chap.
1271 2744 1301 2794 5
1321 2781 1337 2807 ‚

324 2835 434 2874 sect.
457 2824 485 2873 3
505 2863 519 2886 ,
554 2824 581 2892 ἓ
610 2827 671 2893 37
686 2827 704 2890 )
719 2827 955 2875 traducere
974 2825 1235 2875 Concilium
1254 2827 1341 2875 La-

325 2916 472 2954 teran.
499 2923 548 2953 1v
577 2908 730 2973 (quod
759 2912 855 2972 ipse
880 2925 1118 2973 perperam
1147 2911 1342 2957 tertium

327 2989 460 3052 dicit)
482 2992 764 3036 contrarium
788 3000 831 3038 et
847 3008 1056 3054 pugnans
1071 3009 1175 3040 cum
1196 2991 1338 3039 Cone.

325 3068 431 3119 Nic.
448 3087 507 3131 n,
526 3071 639 3118 dum
669 3071 869 3119 scribere
894 3089 989 3119 non
1015 3084 1227 3120 veretur:
1247 3071 1343 3119 Sed

324 3151 451 3216 quod
473 3153 691 3200 omnium
720 3155 929 3202 maxime
957 3154 1215 3202 multorum
1255 3155 1341 3202 ad·

326 3233 470 3281 duxit
492 3236 683 3283 animos
701 3273 714 3295 ‚
741 3244 795 3283 ut
827 3235 905 3283 m‘l
932 3236 1239 3297 dubitarent,
1259 3239 1342 3285 ni-

327 3313 403 3363 hil
435 3333 639 3381 prorsus
673 3320 888 3383 corporei
926 3318 1209 3384 adjunctum
1246 3336 1342 3367 esse

324 3398 487 3462 yem'is
503 3397 739 3463 (Anqelis
754 3401 789 3461 )‚
811 3400 865 3447 id
887 3404 1009 3449 tertii
1028 3400 1342 3449 Later-‘mensis

327 3478 524 3528 Concilii
541 3483 871 3530 auctoritatem
886 3491 932 3529 et
946 3482 1231 3548 diqm‘tatem
1248 3500 1342 3531 esse

327 3562 538 3612 arbitror
554 3603 566 3625 ,
596 3564 722 3628 quod
746 3560 877 3612 in‘ter
897 3564 1081 3613 decreta
1110 3582 1200 3613 sua
1216 3564 1342 3612 hano

327 3643 493 3693 retulit
518 3649 822 3696 sententiam.
858 3646 1019 3714 Quasi
1051 3664 1159 3695 vero
1183 3649 1345 3695 minor

327 3736 444 3775 esset
476 3730 673 3795 septimi
691 3731 974 3778 oecumenioi
1005 3767 1018 3789 ‚
1048 3738 1101 3777 ut
1137 3739 1340 3793 vocant,

321 3817 409 3857 aut
420 3812 619 3860 secundi
634 3811 838 3862 Nicoeni
850 3811 1079 3875 Consilii,
1093 3812 1218 3877 quod
1228 3828 1342 3860 con-

1425 2506 1514 2545 ant
1541 2501 1828 2562 qravitatem
1852 2497 2007 2564 layum
2023 2502 2126 2563 ejus
2140 2515 2329 2562 oequare
2347 2496 2443 2545 sal-

1422 2589 1514 2628 tem
1547 2589 1706 2645 queat.
1743 2581 1796 2628 In
1824 2582 1994 2647 quibus
2021 2584 2217 2646 graviter
2236 2597 2288 2628 ac
2311 2578 2440 2627 mul-

1423 2663 1567 2726 tiplici
1605 2666 1780 2711 ratione
1821 2664 1992 2710 labitur
2018 2681 2031 2711 :
2058 2672 2104 2710 1⁰
2134 2663 2246 2710 dum
2281 2663 2439 2710 asserit

1423 2745 1593 2792 multos
1618 2744 1839 2792 adductos
1870 2762 1966 2793 esse
1993 2746 2042 2792 in
2076 2745 2346 2791 sententiam
2378 2743 2436 2792 de

1423 2827 1648 2891 spirituali
1683 2827 1962 2891 Angelorum
1999 2834 2164 2873 natura
2193 2824 2253 2873 ob
2277 2834 2436 2873 aucto·

1421 2912 1603 2956 ritatem
1619 2908 1981 2956 Conc.Lateran.
2001 2925 2147 2972 quum
2162 2906 2296 2971 longe
2311 2915 2433 2967 ante,

1421 2990 1522 3038 haec
1547 2990 1751 3038 doctrina
1770 2991 2029 3037 communis
2045 2989 2180 3036 fuerit
2203 2990 2322 3036 inter
2342 2988 2433 3037 Ca-

1423 3070 1646 3134 tholicos3
1679 3080 1731 3119 2⁰
1750 3069 1805 3119 'in
1825 3089 1878 3119 eo
1903 3072 2029 3137 quod
2059 3069 2258 3118 affirmat
2283 3070 2434 3119 Nicae-

1422 3172 1536 3202 num
1567 3154 1713 3202 Cone.
1747 3170 1783 3201 lt
1827 3155 2105 3202 contrariam
2156 3156 2432 3201 sententiam

1422 3235 1710 3284 stabilivisse
1736 3274 1748 3295 ‚
1786 3236 1909 3301 quod
1944 3253 1997 3283 ex
2025 3235 2158 3283 dictis
2189 3245 2255 3283 est
2283 3246 2433 3301 aperte

1424 3318 1587 3366 falsum
1611 3334 1625 3380 3
1662 3319 1715 3366 3⁰
1732 3320 1781 3365 in
1795 3318 2030 3378 conflictu,
2056 3335 2196 3383 quem
2218 3320 2434 3382 supponit

1423 3404 1544 3449 inter
1572 3411 1821 3467 utrumque
1849 3399 2128 3448 Concilium.

1493 3484 1553 3547 (1)
1583 3483 1682 3531 Cfr.
1709 3482 1866 3531 Petav.
1886 3481 1942 3529 de
1955 3479 2131 3546 Anyel.
2149 3482 2234 3561 lib.
2253 3497 2270 3528 ι
2287 3517 2300 3540 ,
2324 3497 2426 3545 cap.

1427 3563 1456 3612 5
1483 3602 1496 3625 ‚
1526 3563 1604 3631 §9
1630 3575 1674 3612 et
1702 3581 1831 3630 seqq.

1494 3646 1563 3709 (2)
1601 3645 1709 3694 Vid.
1727 3645 1891 3694 Suarez
1911 3647 1960 3692 in
1984 3654 2180 3711 quatuor
2201 3642 2427 3708 prioribus

1425 3727 1555 3776 libris
1587 3728 1644 3776 de
1664 3727 1849 3793 Angelis
1868 3766 1880 3788 ‚
1918 3727 1998 3775 ubi
2025 3728 2328 3793 praestantiam
2343 3743 2426 3775 na-

1424 3820 1538 3859 turae
1574 3810 1800 3875 Angelieae
1838 3810 1938 3859 fuse
1965 3811 2265 3875 prosequitur.
