2580 4152
2154 290 2229 349 71

362 311 522 346 PART.
573 310 637 344 11.
688 309 811 344 CAP.
861 308 903 343 Ι.
952 307 1021 343 DE
1067 307 1248 343 MUNDI
1290 306 1604 348 CREATIONE
1649 306 1720 344 Ex
1766 308 1980 345 NIHILO.

116 451 295 533 priori
322 460 522 507 tamen
559 446 973 527 significatione
996 447 1073 522 din
1119 446 1370 505 adducto
1416 448 1705 507 Geneseos
1748 446 1876 508 loco
1909 447 2089 530 accipi
2127 449 2233 508 de·—

116 546 254 604 bere
283 589 298 622 7
324 540 736 622 mundumque
767 541 1017 623 proinde
1055 563 1126 600 ex
1166 541 1350 600 nihilo
1378 553 1506 601 tum
1531 546 1636 601 sui
1660 554 1789 601 tum
1818 544 2074 621 subjecti
2090 588 2106 618 7
2139 553 2231 602 at·-

116 661 228 721 que
258 639 320 696 in
361 648 624 718 tempore
665 658 766 695 seu
804 657 938 695 cum
966 647 1232 718 tempore
1260 636 1565 696 conditum
1594 659 1720 698 esse
1743 683 1760 713 .‚
1800 659 1876 697 ex
1907 642 2030 716 ejus
2053 637 2231 698 colla--

113 736 270 793 tione
333 754 467 791 cum
531 730 658 790 aliis
714 731 1027 813 Scripmrae
1087 730 1344 791 textibus
1388 744 1448 791 et
1511 754 1584 793 ex
1639 755 1814 793 sensu
1867 733 2232 794 traditionali

112 839 311 911 aperte
343 826 654 906 colligitur.

193 923 330 981 143.
381 923 611 981 Etenim
634 934 846 1003 praeter
878 943 943 981 ea
965 968 980 996 ,
1015 944 1142 1003 quae
1162 922 1393 982 Psalmo
1425 923 1497 981 CI
1528 920 1860 983 habentur:
1891 925 2082 984 Initio
2117 935 2185 983 tu
2208 970 2223 998 a

109 1022 403 1089 Domine,
432 1029 660 1076 terram
684 1019 969 1096 fundasti
987 1062 1003 1092 .,
1034 1028 1091 1076 et
1108 1016 1601 1096 operamanuum
1630 1028 1884 1078 tuarum
1907 1029 2056 1081 sunt
2071 1021 2225 1093 coeli,

110 1114 394 1186 Christus7
434 1113 607 1171 Joan.
651 1113 806 1170 XVII
833 1157 850 1186 .,
889 1111 948 1185 5,
983 1112 1064 1169 sic
1100 1113 1339 1171 Patrem,
1365 1109 1570 1169 orabat
1599 1133 1614 1168 ε
1665 1111 1950 1190 Οἰαήβοα
1981 1135 2076 1173 me
2117 1124 2184 1173 tu
2207 1159 2223 1188 ‚

108 1209 332 1280 Pater,
374 1207 546 1285 apud
579 1210 952 1284 temetipsum
992 1206 1268 1271 claritate
1289 1248 1312 1276 ,
1368 1226 1557 1283 quam
1592 1206 1824 1279 habui,
1850 1211 2228 1287 priusquam

109 1300 377 1361 mundus
399 1310 576 1370 esset,
603 1301 777 1378 apud
810 1310 862 1373 te
909 1298 1019 1378 (l).
1061 1301 1278 1358 Verum
1322 1300 1592 1359 omnium
1626 1301 1993 1382 apertissima
2044 1302 2224 1364 verba

105 1407 276 1470 sunt,
319 1393 529 1477 quibus
555 1395 608 1453 II
647 1393 910 1454 Machab.
961 1395 1064 1453 VII
1087 1440 1102 1468 ,
1130 1396 1244 1468 28,
1297 1395 1376 1454 sic
1412 1405 1604 1454 mater
1640 1395 1831 1455 filium
1873 1418 2049 1456 suum
2077 1409 2226 1456 natu

102 1491 412 1550 minimum
449 1488 524 1548 ad
553 1490 900 1570 martyrium
943 1489 1327 1550 vehementer
1367 1490 1640 1550 hortatur
1672 1513 1686 1549 ε
1722 1493 1866 1551 Peto
1891 1537 1906 1567 a
1949 1503 2126 1564 nate,
2154 1504 2228 1551 uc

98 1591 364 1666 aspicias
399 1587 485 1643 ad
505 1587 719 1644 coelum
746 1596 801 1643 et
825 1596 1088 1656 terram,
1117 1596 1174 1643 et
1196 1587 1282 1643 ad
1304 1591 1516 1644 omnia
1541 1631 1558 1661 ,
1594 1608 1731 1666 quoe
1756 1593 1826 1646 in
1853 1593 1936 1647 eis
1962 1599 2109 1647 sunt
2124 1631 2148 1660 ,
2170 1600 2227 1647 ec
2264 1593 2268 1596 ’

99 1681 399 1760 intelligas
413 1723 436 1752 ,
479 1685 631 1759 quia
671 1679 743 1738 ed·
785 1681 978 1738 nihilo
1011 1684 1164 1758 fecit
1194 1682 1306 1739 illa
1334 1682 1519 1744 Deus.

185 1775 318 1834 144.
350 1777 523 1850 Hinc,
550 1776 599 1834 si
618 1796 831 1857 paucos
848 1775 1099 1857 excipias
1124 1775 1251 1838 sive
1267 1776 1598 1837 incredulos
1625 1778 1745 1839 sive
1765 1777 2069 1838 haereticos
2092 1778 2215 1859 (⁶2.)7

93 1968 286 2033 ejusque
307 1972 601 2031 postremam
617 1965 961 2030 confectionem
1000 1966 1104 2029 (seu

93 2048 426 2113 perfectionem
453 2048 490 2109 ).
554 2047 699 2096 Moses
762 2046 1106 2096 Nachmanides

86 2133 101 2195 (
125 2129 365 2191 Ramban)
386 2167 399 2190 ,
425 2128 692 2178 Comment.
720 2131 779 2178 in
809 2128 939 2178 Gen.
968 2130 1050 2178 fol.
1071 2127 1106 2178 8

95 2229 225 2261 verso
243 2249 256 2272 ‚
282 2212 394 2261 edit.
415 2211 760 2261 Wilmendorfii
792 2229 805 2259 :
834 2210 1106 2260 Sanctissi-

95 2310 203 2341 mus
217 2329 235 2354 ‚
263 2296 330 2342 sit
353 2293 666 2342 benedictus!
706 2296 890 2360 inquit,
926 2296 1108 2342 creavit

96 2391 255 2422 omnes
294 2383 539 2424 creaturas
579 2393 638 2423 nx
676 2393 824 2424 mmm
862 2393 1103 2425 ansonuro.

96 2456 200 2504 Nos
237 2473 338 2505 non
376 2456 602 2506 habemus
638 2459 694 2505 in
727 2457 901 2523 linqua
936 2467 1107 2507 sancta

93 2539 198 2585 nisi
246 2554 403 2586 vocem
439 2540 566 2595 ΝἻΞ
611 2540 676 2587 ad
724 2541 1107 2605 siqnificandum

92 2626 288 2674 educere
302 2626 622 2674 substantiam
637 2645 696 2675 ex
708 2627 883 2677 nihilo.
904 2629 960 2677 R.
980 2629 1107 2678 Oba-

93 2707 193 2757 dias
238 2707 508 2772 Sephorno‚
562 2710 830 2758 Comment.
878 2711 1013 2759 editis
1056 2715 1106 2759 in

92 2789 263 2837 Biblia
276 2806 453 2854 maqna
465 2790 737 2851 rabbinica‚
753 2792 1103 2854 Amstelodami‚
1116 2835 1121 2839 .

91 2874 156 2920 ait
185 2890 199 2921 =
238 2873 364 2928 ΝἾΞ
382 2915 393 2935 ,
420 2873 540 2936 secie
573 2873 700 2936 quod
729 2890 829 2921 non
857 2874 1103 2925 existebat.

88 2958 145 3006 In
173 2959 435 3009 Comment.
470 2961 798 3009 Mendelssohn
831 2980 885 3010 ac
921 2962 1102 3012 Salom.

90 3038 262 3088 Dubna
293 3059 305 3090 :
333 3043 460 3099 &n
480 3085 493 3108 ‚
533 3044 636 3107 ejus
668 3045 962 3108 siqnifieatio
985 3047 1102 3111 pri-

89 3131 262 3178 mitiva
299 3140 366 3179 est
390 3149 579 3181 nuncium
613 3151 667 3181 nx
699 3152 848 3183 inuito
879 3154 935 3183 An
967 3154 1064 3184 assa
1084 3173 1099 3195 ‚

84 3211 204 3275 fecit
227 3213 354 3276 quod
367 3230 466 3262 non
488 3216 734 3263 existebat.
762 3217 811 3264 T
808 3219 970 3282 ropice
985 3236 1099 3284 pos·

89 3302 164 3341 tea
190 3304 420 3361 usurpata
437 3306 505 3345 est
530 3298 596 3345 ad
619 3299 994 3363 siqnificandam
1019 3302 1100 3348 ad-

88 3375 321 3424 dit-ionem
335 3377 399 3425 ad
415 3395 529 3439 esse,
550 3388 859 3444 auqmentum
875 3382 1098 3430 substan-

88 3459 170 3510 τίω
196 3460 388 3523 ejusque
414 3462 507 3509 vis.
537 3461 603 3510 Ex
630 3462 717 3511 hac
735 3473 963 3528 postrema
992 3468 1096 3513 ani-

88 3540 408 3588 madversione
432 3541 796 3593 Mendelssohnii
835 3545 1059 3595 discimus
1074 3586 1087 3605 ‚

87 3638 168 3685 per
193 3623 336 3670 solam
370 3625 691 3672 extensionem
717 3625 926 3676 adhiberi
949 3630 1092 3676 inter-

89 3702 201 3750 dum
263 3705 388 3761 1⁵02
444 3706 494 3751 in
551 3707 884 3769 significatione
942 3711 1047 3765 '¹537
1075 3754 1089 3777 ‚

83 3788 291 3851 formare
319 3829 332 3853 ,
388 3802 433 3843 et
478 3797 632 3862 nwy
673 3798 851 3860 facere,
894 3799 1094 3849 efficere.

1188 1965 1289 2016 cfr.
1320 1966 1439 2017 Gen.
1465 1983 1484 2015 1
1502 2003 1516 2028 ,
1548 1964 1613 2015 26
1632 1978 1677 2016 et
1698 1984 1761 2034 27
1782 1968 1910 2030 ,colb
1930 1985 2033 2035 cap.
2057 1986 2094 2016 11
2113 2007 2128 2030 ‚
2161 1986 2214 2034 7.

1187 2047 1278 2097 Hic
1326 2049 1521 2100 demum
1575 2050 1746 2099 adnoto
1789 2088 1804 2112 ‚
1871 2061 2206 2116 protestantem

1186 2128 1436 2180 Schultens
1489 2131 1672 2200 (cujus
1730 2136 2002 2182 auctoritate
2052 2137 2204 2183 utitur

1186 2212 1511 2262 Rosenmfiller
1539 2214 1554 2279 )
1579 2250 1592 2273 ,
1631 2215 1747 2263 dum
1793 2233 1848 2263 ex
1885 2217 2070 2280 proprio
2115 2233 2205 2264 no-

1191 2297 1318 2343 mine
1363 2295 1576 2345 observat
1634 2296 1792 2345 adesse
1851 2300 2092 2361 paritatem
2138 2301 2214 2346 in·-

1188 2386 1258 2426 ter
1300 2377 1426 2438 &52
1450 2421 1463 2445 ‚
1520 2377 1703 2445 conjug.
1740 2378 1919 2440 Pihel,
1953 2390 1999 2428 et
2039 2385 2200 2452 UJ-Jae

1188 2484 1401 2534 Arabum
1433 2482 1657 2547 (conjug.
1690 2481 1970 2546 secundae),
2018 2481 2122 2540 sibi,
2144 2491 2212 2529 at-

1189 2568 1404 2616 tribuisse
1423 2602 1437 2626 ,
1468 2563 1598 2631 quod
1631 2581 1770 2612 suum
1796 2581 1894 2612 non
1929 2573 2041 2613 erat.
2078 2563 2208 2626 (Vid.

1190 2648 1243 2696 E
1243 2656 1440 2714 xcerpta
1467 2663 1527 2694 ex
1552 2643 1850 2709 Antholoqia
1867 2654 2078 2693 veterum
2097 2644 2212 2692 Poe-

1190 2738 1370 2788 tarum,
1390 2744 1493 2795 quae
1506 2728 1824 2777 inscribuntur
1840 2744 1854 2775 ε
1869 2726 2094 2775 Hamasa
2108 2726 2215 2774 Abi

1189 2819 1413 2859 temmam
1432 2846 1446 2872 ,
1464 2826 1523 2858 ex
1540 2807 1643 2856 MS.
1663 2809 1777 2856 edit.
1803 2807 1911 2856 Alb.
1926 2807 2176 2857 Schultens
2192 2845 2206 2869 ‚

1194 2893 1346 2957 Lugd.
1394 2891 1555 2939 Batav.
1603 2888 1726 2956 1767
1747 2927 1761 2949 ‚
1803 2908 1906 2954 pag.
1958 2887 2205 2952 383-84‚

1187 2977 1237 3022 in
1264 2984 1372 3023 nota
1401 2973 1459 3022 ad
1500 2991 1546 3020 v.
1579 2972 1625 3021 3.
1664 2971 1802 3020 Alm’
1831 2971 2045 3036 lkebyr).
2082 2972 2202 3020 Nam
2255 3019 2265 3027 ,

1187 3056 1340 3105 David
1358 3055 1546 3104 Kimchi
1567 3091 1579 3113 ‚
1610 3071 1690 3118 op.
1714 3064 1759 3103 et
1775 3055 1868 3103 loc.
1900 3057 1982 3103 cit.
2002 3073 2207 3120 expresse

1186 3138 1416 3198 affirmat,
1448 3146 1629 3201 patrem
1662 3154 1802 3184 suum
1821 3173 1834 3197 ,
1868 3136 2041 3202 Joseph
2072 3136 2207 3185 Kim-

1184 3221 1261 3269 chi
1285 3259 1297 3280 ‚
1346 3234 1638 3285 comparasse
1694 3219 1814 3283 (hoc
1858 3218 2053 3267 verbum
2095 3236 2205 3267 cum

1182 3301 1407 3367 dagesch)
1437 3319 1547 3350 eum
1571 3301 1730 3366 lingua
1751 3298 1935 3348 arabica
1953 3339 1965 3359 ‚
2002 3317 2106 3365 quae
2127 3319 2205 3350 ex-

1182 3385 1341 3448 primit
1371 3385 1587 3445 asciare,
1635 3381 1847 3443 caedere,
1888 3363 2086 3441 ’‘22¹7ss
2120 3399 2201 3432 seu

1185 3463 1379 3600 effi

1245 3648 1306 3712 (l)
1344 3648 1473 3697 Idem
1502 3649 1692 3699 docetur
1722 3649 1864 3698 Rom.
1891 3665 1938 3695 iv
1958 3685 1970 3707 ‚
2016 3662 2094 3713 17.

1247 3730 1310 3793 (2)
1350 3730 1416 3779 Ex
1456 3731 1683 3781 haereticis
1719 3732 1932 3780 omnium
1967 3729 2201 3796 antiquis-
