<?xml version="1.0" encoding="UTF-8"?>
<!DOCTYPE html PUBLIC "-//W3C//DTD XHTML 1.0 Transitional//EN"
    "http://www.w3.org/TR/xhtml1/DTD/xhtml1-transitional.dtd">
<html xmlns="http://www.w3.org/1999/xhtml" xml:lang="en" lang="en">
 <head>
  <title>
</title>
<meta http-equiv="Content-Type" content="text/html;charset=utf-8" />
  <meta name='ocr-system' content='tesseract 3.04.00' />
  <meta name='ocr-capabilities' content='ocr_page ocr_carea ocr_par ocr_line ocrx_word'/>
</head>
<body>
  <div class='ocr_page' id='page_1' title='image "a603693803perruoft_0100.png"; bbox 0 0 2580 4152; ppageno 0'>
   <div class='ocr_carea' id='block_1_1' title="bbox 363 203 444 262">
    <p class='ocr_par' dir='ltr' id='par_1_1' title="bbox 363 203 444 262">
     <span class='ocr_line' id='line_1_1' title="bbox 363 203 444 262; baseline -0.025 0"><span class='ocrx_word' id='word_1_1' title='bbox 363 203 444 262; x_wconf 79' lang='lat'>92</span> 
     </span>
    </p>
   </div>
   <div class='ocr_carea' id='block_1_2' title="bbox 1019 225 1838 264">
    <p class='ocr_par' dir='ltr' id='par_1_2' title="bbox 1019 225 1838 264">
     <span class='ocr_line' id='line_1_2' title="bbox 1019 225 1838 264; baseline 0 -1"><span class='ocrx_word' id='word_1_2' title='bbox 1019 226 1218 263; x_wconf 76' lang='lat' dir='ltr'>TRACT.</span> <span class='ocrx_word' id='word_1_3' title='bbox 1265 225 1334 262; x_wconf 75' lang='lat' dir='ltr'>DE</span> <span class='ocrx_word' id='word_1_4' title='bbox 1377 225 1484 263; x_wconf 83' lang='grc' dir='ltr'>1)Εο</span> <span class='ocrx_word' id='word_1_5' title='bbox 1526 225 1838 264; x_wconf 74' lang='lat' dir='ltr'>CREATORE.</span> 
     </span>
    </p>
   </div>
   <div class='ocr_carea' id='block_1_3' title="bbox 362 366 2498 1787">
    <p class='ocr_par' dir='ltr' id='par_1_3' title="bbox 362 366 2494 735">
     <span class='ocr_line' id='line_1_3' title="bbox 365 366 2494 449; baseline 0.002 -23"><span class='ocrx_word' id='word_1_6' title='bbox 365 367 555 448; x_wconf 89' lang='lat' dir='ltr'>specie</span> <span class='ocrx_word' id='word_1_7' title='bbox 584 367 648 424; x_wconf 92' lang='lat' dir='ltr'>in</span> <span class='ocrx_word' id='word_1_8' title='bbox 677 367 863 425; x_wconf 87' lang='lat' dir='ltr'>citatis</span> <span class='ocrx_word' id='word_1_9' title='bbox 890 366 1027 424; x_wconf 91' lang='lat' dir='ltr'>locis</span> <span class='ocrx_word' id='word_1_10' title='bbox 1069 387 1101 425; x_wconf 87' lang='lat' dir='ltr'>a</span> <span class='ocrx_word' id='word_1_11' title='bbox 1130 367 1328 446; x_wconf 80' lang='lat' dir='ltr'><strong>Moyse</strong></span> <span class='ocrx_word' id='word_1_12' title='bbox 1362 366 1609 441; x_wconf 77' lang='lat' dir='ltr'>tradita3</span> <span class='ocrx_word' id='word_1_13' title='bbox 1649 367 1751 427; x_wconf 90' lang='lat' dir='ltr'>sed</span> <span class='ocrx_word' id='word_1_14' title='bbox 1792 366 1949 449; x_wconf 91' lang='lat' dir='ltr'>quod</span> <span class='ocrx_word' id='word_1_15' title='bbox 1973 368 2097 449; x_wconf 93' lang='lat' dir='ltr'>ipse</span> <span class='ocrx_word' id='word_1_16' title='bbox 2127 379 2494 430; x_wconf 80' lang='lat' dir='ltr'>contraxerat</span> 
     </span>
     <span class='ocr_line' id='line_1_4' title="bbox 362 460 2493 544; baseline 0.002 -24"><span class='ocrx_word' id='word_1_17' title='bbox 362 462 427 521; x_wconf 90' lang='lat' dir='ltr'>in</span> <span class='ocrx_word' id='word_1_18' title='bbox 464 463 656 544; x_wconf 91' lang='lat' dir='ltr'>primo</span> <span class='ocrx_word' id='word_1_19' title='bbox 692 462 882 543; x_wconf 89' lang='lat' dir='ltr'>capite</span> <span class='ocrx_word' id='word_1_20' title='bbox 927 462 1076 520; x_wconf 89' lang='lat' dir='ltr'>circa</span> <span class='ocrx_word' id='word_1_21' title='bbox 1119 460 1375 521; x_wconf 90' lang='lat' dir='ltr'>hominis</span> <span class='ocrx_word' id='word_1_22' title='bbox 1410 463 1736 543; x_wconf 83' lang='lat' dir='ltr'>praesertim</span> <span class='ocrx_word' id='word_1_23' title='bbox 1769 464 2127 522; x_wconf 83' lang='lat' dir='ltr'>creationem</span> <span class='ocrx_word' id='word_1_24' title='bbox 2149 510 2164 538; x_wconf 59' lang='lat' dir='ltr'>a</span> <span class='ocrx_word' id='word_1_25' title='bbox 2205 486 2280 523; x_wconf 89' lang='lat' dir='ltr'>ne</span> <span class='ocrx_word' id='word_1_26' title='bbox 2315 466 2493 525; x_wconf 82' lang='lat' dir='ltr'>inter-</span> 
     </span>
     <span class='ocr_line' id='line_1_5' title="bbox 362 556 2493 643; baseline 0.002 -27"><span class='ocrx_word' id='word_1_27' title='bbox 362 558 625 616; x_wconf 84' lang='lat' dir='ltr'>mitteret</span> <span class='ocrx_word' id='word_1_28' title='bbox 654 556 1006 615; x_wconf 84' lang='lat' dir='ltr'>narrationis</span> <span class='ocrx_word' id='word_1_29' title='bbox 1036 558 1246 617; x_wconf 89' lang='lat' dir='ltr'>seriem</span> <span class='ocrx_word' id='word_1_30' title='bbox 1270 600 1288 631; x_wconf 92' lang='lat'>‚</span> <span class='ocrx_word' id='word_1_31' title='bbox 1317 579 1495 639; x_wconf 87' lang='lat' dir='ltr'>quam</span> <span class='ocrx_word' id='word_1_32' title='bbox 1522 556 1632 616; x_wconf 90' lang='lat' dir='ltr'>sibi</span> <span class='ocrx_word' id='word_1_33' title='bbox 1673 571 2056 641; x_wconf 86' lang='lat' dir='ltr'>proposuerat</span> <span class='ocrx_word' id='word_1_34' title='bbox 2078 605 2093 634; x_wconf 75' lang='lat'>‚</span> <span class='ocrx_word' id='word_1_35' title='bbox 2143 559 2317 619; x_wconf 84' lang='lat' dir='ltr'>latius</span> <span class='ocrx_word' id='word_1_36' title='bbox 2352 582 2493 643; x_wconf 91' lang='lat' dir='ltr'>pro-</span> 
     </span>
     <span class='ocr_line' id='line_1_6' title="bbox 364 652 994 735; baseline -0.005 -22"><span class='ocrx_word' id='word_1_37' title='bbox 364 654 631 735; x_wconf 86' lang='lat' dir='ltr'>sequitur</span> <span class='ocrx_word' id='word_1_38' title='bbox 656 652 719 710; x_wconf 91' lang='lat' dir='ltr'>in</span> <span class='ocrx_word' id='word_1_39' title='bbox 757 673 888 734; x_wconf 91' lang='lat' dir='ltr'>cap.</span> <span class='ocrx_word' id='word_1_40' title='bbox 922 654 994 711; x_wconf 90' lang='grc' dir='ltr'>ΙΙ.</span> 
     </span>
    </p>

    <p class='ocr_par' dir='ltr' id='par_1_4' title="bbox 362 747 2498 1787">
     <span class='ocr_line' id='line_1_7' title="bbox 450 747 2492 820; baseline 0.002 -14"><span class='ocrx_word' id='word_1_41' title='bbox 450 749 583 806; x_wconf 88' lang='grc'><strong>190.</strong></span> <span class='ocrx_word' id='word_1_42' title='bbox 631 748 802 820; x_wconf 84' lang='lat' dir='ltr'>Quod</span> <span class='ocrx_word' id='word_1_43' title='bbox 833 769 974 809; x_wconf 86' lang='lat' dir='ltr'>vero</span> <span class='ocrx_word' id='word_1_44' title='bbox 1021 747 1259 808; x_wconf 85' lang='lat' dir='ltr'>additur</span> <span class='ocrx_word' id='word_1_45' title='bbox 1297 748 1371 808; x_wconf 94' lang='lat' dir='ltr'>de</span> <span class='ocrx_word' id='word_1_46' title='bbox 1411 747 1793 808; x_wconf 84' lang='lat' dir='ltr'>similitudine</span> <span class='ocrx_word' id='word_1_47' title='bbox 1835 754 2103 809; x_wconf 71' lang='lat' dir='ltr'>mosaicae</span> <span class='ocrx_word' id='word_1_48' title='bbox 2140 752 2492 811; x_wconf 85' lang='lat' dir='ltr'>narrationis</span> 
     </span>
     <span class='ocr_line' id='line_1_8' title="bbox 363 843 2493 929; baseline 0.001 -25"><span class='ocrx_word' id='word_1_49' title='bbox 363 865 499 904; x_wconf 93' lang='lat' dir='ltr'>cum</span> <span class='ocrx_word' id='word_1_50' title='bbox 529 843 746 923; x_wconf 81' lang='lat' dir='ltr'>mythis</span> <span class='ocrx_word' id='word_1_51' title='bbox 780 844 1105 925; x_wconf 89' lang='lat' dir='ltr'>priscarum</span> <span class='ocrx_word' id='word_1_52' title='bbox 1147 845 1411 924; x_wconf 77' lang='lat' dir='ltr'>gentium</span> <span class='ocrx_word' id='word_1_53' title='bbox 1445 856 1621 926; x_wconf 87' lang='lat' dir='ltr'>atque</span> <span class='ocrx_word' id='word_1_54' title='bbox 1661 865 1732 903; x_wconf 82' lang='lat' dir='ltr'>ex</span> <span class='ocrx_word' id='word_1_55' title='bbox 1774 845 2186 926; x_wconf 84' lang='lat' dir='ltr'>antiquissimis</span> <span class='ocrx_word' id='word_1_56' title='bbox 2239 846 2493 929; x_wconf 90' lang='lat' dir='ltr'>philoso-</span> 
     </span>
     <span class='ocr_line' id='line_1_9' title="bbox 363 938 2494 1023; baseline 0.002 -26"><span class='ocrx_word' id='word_1_57' title='bbox 363 938 738 1022; x_wconf 90' lang='lat' dir='ltr'>phematibus</span> <span class='ocrx_word' id='word_1_58' title='bbox 763 951 946 999; x_wconf 87' lang='lat' dir='ltr'>erutae</span> <span class='ocrx_word' id='word_1_59' title='bbox 967 987 984 1016; x_wconf 64' lang='lat'>7</span> <span class='ocrx_word' id='word_1_60' title='bbox 1013 962 1135 998; x_wconf 90' lang='lat' dir='ltr'>non</span> <span class='ocrx_word' id='word_1_61' title='bbox 1171 939 1407 1000; x_wconf 88' lang='lat' dir='ltr'>aliunde</span> <span class='ocrx_word' id='word_1_62' title='bbox 1439 941 1715 1023; x_wconf 89' lang='lat' dir='ltr'>provenit</span> <span class='ocrx_word' id='word_1_63' title='bbox 1738 940 1850 998; x_wconf 88' lang='lat' dir='ltr'>nisi</span> <span class='ocrx_word' id='word_1_64' title='bbox 1878 961 1909 998; x_wconf 91' lang='lat' dir='ltr'>a</span> <span class='ocrx_word' id='word_1_65' title='bbox 1941 940 2199 1020; x_wconf 84' lang='lat' dir='ltr'>mythico</span> <span class='ocrx_word' id='word_1_66' title='bbox 2235 943 2494 1001; x_wconf 90' lang='lat' dir='ltr'>rationa-</span> 
     </span>
     <span class='ocr_line' id='line_1_10' title="bbox 362 1034 2496 1119; baseline 0.001 -26"><span class='ocrx_word' id='word_1_67' title='bbox 362 1034 632 1094; x_wconf 92' lang='lat' dir='ltr'>listarum</span> <span class='ocrx_word' id='word_1_68' title='bbox 653 1035 908 1114; x_wconf 82' lang='lat' dir='ltr'>ingenio.</span> <span class='ocrx_word' id='word_1_69' title='bbox 945 1036 1170 1116; x_wconf 79' lang='lat' dir='ltr'>Moyses</span> <span class='ocrx_word' id='word_1_70' title='bbox 1203 1035 1510 1095; x_wconf 85' lang='lat' dir='ltr'>historiam</span> <span class='ocrx_word' id='word_1_71' title='bbox 1558 1057 1726 1094; x_wconf 91' lang='lat' dir='ltr'>suam</span> <span class='ocrx_word' id='word_1_72' title='bbox 1765 1034 1838 1094; x_wconf 93' lang='lat' dir='ltr'>de</span> <span class='ocrx_word' id='word_1_73' title='bbox 1878 1035 2085 1093; x_wconf 90' lang='lat' dir='ltr'>mundi</span> <span class='ocrx_word' id='word_1_74' title='bbox 2132 1036 2352 1115; x_wconf 81' lang='lat' dir='ltr'>origine</span> <span class='ocrx_word' id='word_1_75' title='bbox 2389 1059 2496 1119; x_wconf 90' lang='lat' dir='ltr'>per</span> 
     </span>
     <span class='ocr_line' id='line_1_11' title="bbox 363 1129 2495 1213; baseline 0.001 -25"><span class='ocrx_word' id='word_1_76' title='bbox 363 1129 745 1190; x_wconf 85' lang='lat' dir='ltr'>traditionem</span> <span class='ocrx_word' id='word_1_77' title='bbox 788 1131 1009 1212; x_wconf 90' lang='lat' dir='ltr'>accepit</span> <span class='ocrx_word' id='word_1_78' title='bbox 1050 1153 1122 1190; x_wconf 82' lang='lat' dir='ltr'>ex</span> <span class='ocrx_word' id='word_1_79' title='bbox 1162 1131 1589 1213; x_wconf 88' lang='lat' dir='ltr'>antiquioribus</span> <span class='ocrx_word' id='word_1_80' title='bbox 1637 1130 1982 1190; x_wconf 89' lang='lat' dir='ltr'>Patriarchis</span> <span class='ocrx_word' id='word_1_81' title='bbox 2015 1131 2125 1211; x_wconf 89' lang='lat'>(1).</span> <span class='ocrx_word' id='word_1_82' title='bbox 2169 1132 2317 1191; x_wconf 89' lang='lat' dir='ltr'>Cum</span> <span class='ocrx_word' id='word_1_83' title='bbox 2354 1153 2495 1194; x_wconf 85' lang='lat' dir='ltr'>vero</span> 
     </span>
     <span class='ocr_line' id='line_1_12' title="bbox 364 1226 2497 1310; baseline 0.001 -25"><span class='ocrx_word' id='word_1_84' title='bbox 364 1237 566 1307; x_wconf 82' lang='lat' dir='ltr'>gentes</span> <span class='ocrx_word' id='word_1_85' title='bbox 583 1248 787 1286; x_wconf 90' lang='lat' dir='ltr'>omnes</span> <span class='ocrx_word' id='word_1_86' title='bbox 805 1249 876 1287; x_wconf 81' lang='lat' dir='ltr'>ex</span> <span class='ocrx_word' id='word_1_87' title='bbox 900 1230 1025 1287; x_wconf 84' lang='lat' dir='ltr'>Noe&#39;</span> <span class='ocrx_word' id='word_1_88' title='bbox 1040 1227 1286 1309; x_wconf 85' lang='lat' dir='ltr'>posteris</span> <span class='ocrx_word' id='word_1_89' title='bbox 1314 1239 1615 1310; x_wconf 81' lang='lat' dir='ltr'>prognatae</span> <span class='ocrx_word' id='word_1_90' title='bbox 1633 1227 1752 1286; x_wconf 90' lang='lat' dir='ltr'>sint</span> <span class='ocrx_word' id='word_1_91' title='bbox 1773 1272 1789 1301; x_wconf 70' lang='grc'><em>,</em></span> <span class='ocrx_word' id='word_1_92' title='bbox 1821 1226 2089 1285; x_wconf 89' lang='lat' dir='ltr'>eamdem</span> <span class='ocrx_word' id='word_1_93' title='bbox 2120 1227 2497 1288; x_wconf 87' lang='lat' dir='ltr'>traditionem</span> 
     </span>
     <span class='ocr_line' id='line_1_13' title="bbox 364 1323 2494 1406; baseline 0.001 -25"><span class='ocrx_word' id='word_1_94' title='bbox 364 1334 677 1398; x_wconf 84' lang='lat' dir='ltr'>servarunt</span> <span class='ocrx_word' id='word_1_95' title='bbox 715 1344 781 1382; x_wconf 94' lang='lat' dir='ltr'>ac</span> <span class='ocrx_word' id='word_1_96' title='bbox 809 1323 1140 1406; x_wconf 87' lang='lat' dir='ltr'>posteritati</span> <span class='ocrx_word' id='word_1_97' title='bbox 1164 1325 1655 1397; x_wconf 72' lang='lat' dir='ltr'>transmiserunt,</span> <span class='ocrx_word' id='word_1_98' title='bbox 1697 1345 1818 1380; x_wconf 90' lang='lat' dir='ltr'>non</span> <span class='ocrx_word' id='word_1_99' title='bbox 1857 1344 1975 1381; x_wconf 92' lang='lat' dir='ltr'>uno</span> <span class='ocrx_word' id='word_1_100' title='bbox 2009 1334 2208 1381; x_wconf 90' lang='lat' dir='ltr'>tamen</span> <span class='ocrx_word' id='word_1_101' title='bbox 2243 1324 2305 1381; x_wconf 91' lang='lat' dir='ltr'>in</span> <span class='ocrx_word' id='word_1_102' title='bbox 2331 1323 2494 1396; x_wconf 83' lang='lat' dir='ltr'>loce,</span> 
     </span>
     <span class='ocr_line' id='line_1_14' title="bbox 363 1417 2498 1501; baseline 0.001 -25"><span class='ocrx_word' id='word_1_103' title='bbox 363 1429 436 1476; x_wconf 89' lang='lat' dir='ltr'>ut</span> <span class='ocrx_word' id='word_1_104' title='bbox 459 1419 526 1476; x_wconf 90' lang='lat' dir='ltr'>fit</span> <span class='ocrx_word' id='word_1_105' title='bbox 547 1464 562 1493; x_wconf 65' lang='lat'>7</span> <span class='ocrx_word' id='word_1_106' title='bbox 592 1417 765 1477; x_wconf 88' lang='lat' dir='ltr'>latius</span> <span class='ocrx_word' id='word_1_107' title='bbox 801 1419 1217 1501; x_wconf 87' lang='lat' dir='ltr'>amplificatam</span> <span class='ocrx_word' id='word_1_108' title='bbox 1243 1441 1308 1478; x_wconf 89' lang='lat' dir='ltr'>ac</span> <span class='ocrx_word' id='word_1_109' title='bbox 1332 1420 1588 1492; x_wconf 75' lang='lat' dir='ltr'>variam3</span> <span class='ocrx_word' id='word_1_110' title='bbox 1621 1419 1877 1477; x_wconf 83' lang='lat' dir='ltr'>maxime</span> <span class='ocrx_word' id='word_1_111' title='bbox 1909 1417 2069 1499; x_wconf 92' lang='lat' dir='ltr'>quod</span> <span class='ocrx_word' id='word_1_112' title='bbox 2095 1419 2331 1477; x_wconf 89' lang='lat' dir='ltr'>nonnisi</span> <span class='ocrx_word' id='word_1_113' title='bbox 2363 1430 2498 1501; x_wconf 89' lang='lat' dir='ltr'>post</span> 
     </span>
     <span class='ocr_line' id='line_1_15' title="bbox 367 1513 2496 1595; baseline 0.001 -23"><span class='ocrx_word' id='word_1_114' title='bbox 367 1513 595 1595; x_wconf 88' lang='lat' dir='ltr'>aliquot</span> <span class='ocrx_word' id='word_1_115' title='bbox 620 1536 651 1572; x_wconf 92' lang='lat' dir='ltr'>a</span> <span class='ocrx_word' id='word_1_116' title='bbox 679 1516 893 1595; x_wconf 88' lang='lat' dir='ltr'>Moysis</span> <span class='ocrx_word' id='word_1_117' title='bbox 920 1514 1084 1573; x_wconf 93' lang='lat' dir='ltr'>obitu</span> <span class='ocrx_word' id='word_1_118' title='bbox 1111 1514 1319 1574; x_wconf 87' lang='lat' dir='ltr'>saecula</span> <span class='ocrx_word' id='word_1_119' title='bbox 1342 1513 1553 1573; x_wconf 85' lang='lat' dir='ltr'>litteris</span> <span class='ocrx_word' id='word_1_120' title='bbox 1583 1515 1918 1593; x_wconf 79' lang='lat' dir='ltr'>consignata</span> <span class='ocrx_word' id='word_1_121' title='bbox 1942 1514 2118 1573; x_wconf 88' lang='lat' dir='ltr'>fuerit</span> <span class='ocrx_word' id='word_1_122' title='bbox 2161 1536 2193 1572; x_wconf 88' lang='lat' dir='ltr'>a</span> <span class='ocrx_word' id='word_1_123' title='bbox 2225 1513 2496 1574; x_wconf 82' lang='lat' dir='ltr'>fabulosis</span> 
     </span>
     <span class='ocr_line' id='line_1_16' title="bbox 363 1608 2497 1692; baseline 0.001 -25"><span class='ocrx_word' id='word_1_124' title='bbox 363 1609 694 1691; x_wconf 84' lang='lat' dir='ltr'>praesertim</span> <span class='ocrx_word' id='word_1_125' title='bbox 734 1610 931 1689; x_wconf 82' lang='lat' dir='ltr'>graecis</span> <span class='ocrx_word' id='word_1_126' title='bbox 971 1609 1370 1692; x_wconf 81' lang='lat' dir='ltr'>scriptoribus,</span> <span class='ocrx_word' id='word_1_127' title='bbox 1423 1608 1935 1691; x_wconf 89' lang='lat' dir='ltr'>Philosophemata</span> <span class='ocrx_word' id='word_1_128' title='bbox 1972 1619 2168 1668; x_wconf 91' lang='lat' dir='ltr'>autem</span> <span class='ocrx_word' id='word_1_129' title='bbox 2217 1608 2350 1667; x_wconf 92' lang='lat' dir='ltr'>rudi</span> <span class='ocrx_word' id='word_1_130' title='bbox 2396 1609 2497 1669; x_wconf 89' lang='lat' dir='ltr'>illa</span> 
     </span>
     <span class='ocr_line' id='line_1_17' title="bbox 364 1704 2496 1787; baseline 0 -23"><span class='ocrx_word' id='word_1_131' title='bbox 364 1716 537 1765; x_wconf 86' lang='lat' dir='ltr'>aetate</span> <span class='ocrx_word' id='word_1_132' title='bbox 573 1705 843 1764; x_wconf 89' lang='lat' dir='ltr'>nondum</span> <span class='ocrx_word' id='word_1_133' title='bbox 877 1706 1198 1786; x_wconf 80' lang='lat' dir='ltr'>excogitata</span> <span class='ocrx_word' id='word_1_134' title='bbox 1241 1706 1513 1778; x_wconf 72' lang='lat' dir='ltr'>fuerant3</span> <span class='ocrx_word' id='word_1_135' title='bbox 1553 1726 1624 1764; x_wconf 83' lang='lat' dir='ltr'>ex</span> <span class='ocrx_word' id='word_1_136' title='bbox 1664 1705 1803 1787; x_wconf 91' lang='lat' dir='ltr'>ipsis</span> <span class='ocrx_word' id='word_1_137' title='bbox 1847 1716 2161 1786; x_wconf 89' lang='lat' dir='ltr'>propterca</span> <span class='ocrx_word' id='word_1_138' title='bbox 2191 1704 2496 1764; x_wconf 87' lang='lat' dir='ltr'>historiam</span> 
     </span>
    </p>
   </div>
   <div class='ocr_carea' id='block_1_4' title="bbox 369 1801 2496 1972">
    <p class='ocr_par' dir='ltr' id='par_1_5' title="bbox 369 1801 2496 1972">
     <span class='ocr_line' id='line_1_18' title="bbox 369 1801 2147 1882; baseline -0.001 -22"><span class='ocrx_word' id='word_1_139' title='bbox 369 1823 533 1860; x_wconf 90' lang='lat' dir='ltr'>suam</span> <span class='ocrx_word' id='word_1_140' title='bbox 562 1801 817 1860; x_wconf 91' lang='lat' dir='ltr'>conflare</span> <span class='ocrx_word' id='word_1_141' title='bbox 854 1823 956 1861; x_wconf 91' lang='lat' dir='ltr'>seu</span> <span class='ocrx_word' id='word_1_142' title='bbox 995 1802 1215 1881; x_wconf 86' lang='lat' dir='ltr'>fingere</span> <span class='ocrx_word' id='word_1_143' title='bbox 1245 1802 1471 1882; x_wconf 90' lang='lat' dir='ltr'>Moyses</span> <span class='ocrx_word' id='word_1_144' title='bbox 1505 1801 1746 1859; x_wconf 88' lang='lat' dir='ltr'>omnino</span> <span class='ocrx_word' id='word_1_145' title='bbox 1781 1823 1899 1858; x_wconf 91' lang='lat' dir='ltr'>non</span> <span class='ocrx_word' id='word_1_146' title='bbox 1921 1801 2147 1882; x_wconf 88' lang='lat' dir='ltr'>potuit.</span> 
     </span>
     <span class='ocr_line' id='line_1_19' title="bbox 451 1895 2496 1972; baseline 0 -17"><span class='ocrx_word' id='word_1_147' title='bbox 451 1897 563 1956; x_wconf 84' lang='lat'>191</span> <span class='ocrx_word' id='word_1_148' title='bbox 578 1944 590 1956; x_wconf 93' lang='lat'>.</span> <span class='ocrx_word' id='word_1_149' title='bbox 640 1897 738 1957; x_wconf 91' lang='lat' dir='ltr'>Ad</span> <span class='ocrx_word' id='word_1_150' title='bbox 752 1899 863 1970; x_wconf 73' lang='lat'>21¹¹,</span> <span class='ocrx_word' id='word_1_151' title='bbox 883 1899 1045 1959; x_wconf 75' lang='lat' dir='ltr'>Disc.</span> <span class='ocrx_word' id='word_1_152' title='bbox 1070 1898 1262 1956; x_wconf 91' lang='lat' dir='ltr'>Posita</span> <span class='ocrx_word' id='word_1_153' title='bbox 1283 1896 1558 1955; x_wconf 87' lang='lat' dir='ltr'>historica</span> <span class='ocrx_word' id='word_1_154' title='bbox 1577 1896 1825 1959; x_wconf 87' lang='lat' dir='ltr'>veritate</span> <span class='ocrx_word' id='word_1_155' title='bbox 1847 1942 1862 1972; x_wconf 62' lang='lat'>7</span> <span class='ocrx_word' id='word_1_156' title='bbox 1893 1918 2084 1971; x_wconf 77' lang='lat' dir='ltr'>cono.;</span> <span class='ocrx_word' id='word_1_157' title='bbox 2110 1896 2218 1955; x_wconf 90' lang='lat' dir='ltr'>hac</span> <span class='ocrx_word' id='word_1_158' title='bbox 2242 1895 2496 1972; x_wconf 86' lang='lat' dir='ltr'>sublata,</span> 
     </span>
    </p>
   </div>
   <div class='ocr_carea' id='block_1_5' title="bbox 363 2088 1396 3798">
    <p class='ocr_par' dir='ltr' id='par_1_6' title="bbox 363 2088 1396 3798">
     <span class='ocr_line' id='line_1_20' title="bbox 432 2088 1389 2155; baseline 0 -19"><span class='ocrx_word' id='word_1_159' title='bbox 432 2088 500 2153; x_wconf 92' lang='grc'>(1)</span> <span class='ocrx_word' id='word_1_160' title='bbox 531 2090 587 2137; x_wconf 84' lang='lat' dir='ltr'>ln</span> <span class='ocrx_word' id='word_1_161' title='bbox 600 2089 691 2138; x_wconf 87' lang='lat' dir='ltr'>hac</span> <span class='ocrx_word' id='word_1_162' title='bbox 704 2100 831 2155; x_wconf 85' lang='lat' dir='ltr'>parte</span> <span class='ocrx_word' id='word_1_163' title='bbox 844 2088 1209 2137; x_wconf 83' lang='lat' dir='ltr'>Rosenmiillero</span> <span class='ocrx_word' id='word_1_164' title='bbox 1228 2104 1389 2137; x_wconf 85' lang='lat' dir='ltr'>assen-</span> 
     </span>
     <span class='ocr_line' id='line_1_21' title="bbox 367 2170 1389 2239; baseline -0.002 -19"><span class='ocrx_word' id='word_1_165' title='bbox 367 2173 449 2220; x_wconf 79' lang='lat' dir='ltr'>tiri</span> <span class='ocrx_word' id='word_1_166' title='bbox 471 2189 652 2239; x_wconf 87' lang='lat' dir='ltr'>nequeo</span> <span class='ocrx_word' id='word_1_167' title='bbox 670 2209 683 2233; x_wconf 89' lang='lat'><strong>,</strong></span> <span class='ocrx_word' id='word_1_168' title='bbox 720 2174 804 2238; x_wconf 90' lang='lat' dir='ltr'>qui</span> <span class='ocrx_word' id='word_1_169' title='bbox 825 2175 919 2220; x_wconf 87' lang='lat' dir='ltr'>suis</span> <span class='ocrx_word' id='word_1_170' title='bbox 941 2170 1133 2219; x_wconf 89' lang='lat' dir='ltr'>biblicis</span> <span class='ocrx_word' id='word_1_171' title='bbox 1149 2171 1360 2236; x_wconf 83' lang='lat' dir='ltr'>indulget</span> <span class='ocrx_word' id='word_1_172' title='bbox 1376 2208 1389 2232; x_wconf 85' lang='lat'><strong>,</strong></span> 
     </span>
     <span class='ocr_line' id='line_1_22' title="bbox 366 2253 871 2319; baseline 0 -17"><span class='ocrx_word' id='word_1_173' title='bbox 366 2253 481 2302; x_wconf 89' lang='lat' dir='ltr'>dum</span> <span class='ocrx_word' id='word_1_174' title='bbox 517 2271 619 2319; x_wconf 88' lang='lat' dir='ltr'>cap.</span> <span class='ocrx_word' id='word_1_175' title='bbox 670 2262 716 2301; x_wconf 87' lang='lat'>1⁰</span> <span class='ocrx_word' id='word_1_176' title='bbox 750 2256 814 2301; x_wconf 86' lang='lat' dir='ltr'>ait</span> <span class='ocrx_word' id='word_1_177' title='bbox 858 2271 871 2302; x_wconf 72' lang='grc' dir='ltr'><strong><em>ε</em></strong></span> 
     </span>
     <span class='ocr_line' id='line_1_23' title="bbox 368 2334 1394 2400; baseline -0.002 -16"><span class='ocrx_word' id='word_1_178' title='bbox 368 2338 575 2396; x_wconf 70' lang='lat' dir='ltr'>attinet,</span> <span class='ocrx_word' id='word_1_179' title='bbox 622 2353 729 2400; x_wconf 79' lang='lat' dir='ltr'>quae</span> <span class='ocrx_word' id='word_1_180' title='bbox 769 2335 826 2383; x_wconf 86' lang='lat' dir='ltr'>de</span> <span class='ocrx_word' id='word_1_181' title='bbox 856 2353 1020 2383; x_wconf 85' lang='lat' dir='ltr'>rerum</span> <span class='ocrx_word' id='word_1_182' title='bbox 1063 2344 1206 2395; x_wconf 83' lang='lat' dir='ltr'>ortu,</span> <span class='ocrx_word' id='word_1_183' title='bbox 1247 2334 1394 2400; x_wconf 83' lang='lat' dir='ltr'>deque</span> 
     </span>
     <span class='ocr_line' id='line_1_24' title="bbox 363 2418 1392 2484; baseline -0.003 -16"><span class='ocrx_word' id='word_1_184' title='bbox 363 2420 554 2484; x_wconf 74' lang='lat' dir='ltr'>qeneris</span> <span class='ocrx_word' id='word_1_185' title='bbox 583 2418 792 2467; x_wconf 81' lang='lat' dir='ltr'>humani</span> <span class='ocrx_word' id='word_1_186' title='bbox 813 2419 980 2466; x_wconf 78' lang='lat' dir='ltr'>initiis</span> <span class='ocrx_word' id='word_1_187' title='bbox 992 2426 1038 2465; x_wconf 89' lang='lat' dir='ltr'>et</span> <span class='ocrx_word' id='word_1_188' title='bbox 1044 2419 1230 2484; x_wconf 82' lang='lat' dir='ltr'>primis</span> <span class='ocrx_word' id='word_1_189' title='bbox 1256 2433 1392 2465; x_wconf 82' lang='lat' dir='ltr'>secu-</span> 
     </span>
     <span class='ocr_line' id='line_1_25' title="bbox 366 2500 1393 2568; baseline -0.003 -19"><span class='ocrx_word' id='word_1_190' title='bbox 366 2501 459 2563; x_wconf 76' lang='lat' dir='ltr'>lis,</span> <span class='ocrx_word' id='word_1_191' title='bbox 493 2502 828 2568; x_wconf 71' lang='lat' dir='ltr'>proqressibus</span> <span class='ocrx_word' id='word_1_192' title='bbox 863 2509 907 2549; x_wconf 83' lang='lat' dir='ltr'>et</span> <span class='ocrx_word' id='word_1_193' title='bbox 943 2502 1067 2565; x_wconf 79' lang='lat' dir='ltr'>fatis</span> <span class='ocrx_word' id='word_1_194' title='bbox 1108 2500 1241 2567; x_wconf 81' lang='lat' dir='ltr'>apud</span> <span class='ocrx_word' id='word_1_195' title='bbox 1283 2517 1393 2547; x_wconf 88' lang='lat' dir='ltr'>eum</span> 
     </span>
     <span class='ocr_line' id='line_1_26' title="bbox 367 2581 1388 2651; baseline -0.004 -19"><span class='ocrx_word' id='word_1_196' title='bbox 367 2584 636 2651; x_wconf 86' lang='lat' dir='ltr'>(Moysem)</span> <span class='ocrx_word' id='word_1_197' title='bbox 666 2583 912 2648; x_wconf 73' lang='lat' dir='ltr'>lequntur‚</span> <span class='ocrx_word' id='word_1_198' title='bbox 944 2583 1134 2631; x_wconf 84' lang='lat' dir='ltr'>videtur</span> <span class='ocrx_word' id='word_1_199' title='bbox 1152 2600 1259 2647; x_wconf 79' lang='lat' dir='ltr'>quoe</span> <span class='ocrx_word' id='word_1_200' title='bbox 1285 2581 1388 2630; x_wconf 85' lang='lat' dir='ltr'>oul-</span> 
     </span>
     <span class='ocr_line' id='line_1_27' title="bbox 366 2661 1394 2732; baseline -0.003 -18"><span class='ocrx_word' id='word_1_201' title='bbox 366 2668 511 2714; x_wconf 81' lang='lat' dir='ltr'>tiores</span> <span class='ocrx_word' id='word_1_202' title='bbox 525 2666 754 2714; x_wconf 82' lang='lat' dir='ltr'>Hebroeis</span> <span class='ocrx_word' id='word_1_203' title='bbox 760 2665 937 2732; x_wconf 78' lang='lat' dir='ltr'>populi</span> <span class='ocrx_word' id='word_1_204' title='bbox 948 2666 1122 2726; x_wconf 82' lang='lat' dir='ltr'>vicini,</span> <span class='ocrx_word' id='word_1_205' title='bbox 1144 2661 1394 2712; x_wconf 73' lang='lat' dir='ltr'>Plcaenicii</span> 
     </span>
     <span class='ocr_line' id='line_1_28' title="bbox 367 2746 1391 2814; baseline -0.004 -17"><span class='ocrx_word' id='word_1_206' title='bbox 367 2758 508 2814; x_wconf 82' lang='lat' dir='ltr'>atque</span> <span class='ocrx_word' id='word_1_207' title='bbox 536 2749 771 2814; x_wconf 76' lang='lat' dir='ltr'>AEqyptii</span> <span class='ocrx_word' id='word_1_208' title='bbox 794 2748 851 2795; x_wconf 88' lang='lat' dir='ltr'>de</span> <span class='ocrx_word' id='word_1_209' title='bbox 879 2747 980 2795; x_wconf 72' lang='lat' dir='ltr'>illis</span> <span class='ocrx_word' id='word_1_210' title='bbox 1010 2747 1150 2795; x_wconf 83' lang='lat' dir='ltr'>rebus</span> <span class='ocrx_word' id='word_1_211' title='bbox 1177 2746 1391 2794; x_wconf 77' lang='lat' dir='ltr'>tradide-</span> 
     </span>
     <span class='ocr_line' id='line_1_29' title="bbox 367 2833 1395 2892; baseline -0.003 -13"><span class='ocrx_word' id='word_1_212' title='bbox 367 2840 489 2879; x_wconf 80' lang='lat' dir='ltr'>runt</span> <span class='ocrx_word' id='word_1_213' title='bbox 509 2870 522 2892; x_wconf 90' lang='lat'>‚</span> <span class='ocrx_word' id='word_1_214' title='bbox 545 2834 602 2879; x_wconf 82' lang='lat' dir='ltr'>in</span> <span class='ocrx_word' id='word_1_215' title='bbox 628 2849 739 2880; x_wconf 86' lang='lat' dir='ltr'>suos</span> <span class='ocrx_word' id='word_1_216' title='bbox 759 2848 879 2879; x_wconf 86' lang='lat' dir='ltr'>usus</span> <span class='ocrx_word' id='word_1_217' title='bbox 906 2833 978 2880; x_wconf 82' lang='lat' dir='ltr'>ita</span> <span class='ocrx_word' id='word_1_218' title='bbox 1004 2833 1315 2890; x_wconf 79' lang='lat' dir='ltr'>convertisse,</span> <span class='ocrx_word' id='word_1_219' title='bbox 1341 2839 1395 2877; x_wconf 86' lang='lat' dir='ltr'>ut</span> 
     </span>
     <span class='ocr_line' id='line_1_30' title="bbox 368 2912 1393 2979; baseline -0.002 -18"><span class='ocrx_word' id='word_1_220' title='bbox 368 2912 459 2975; x_wconf 76' lang='lat' dir='ltr'>illa</span> <span class='ocrx_word' id='word_1_221' title='bbox 492 2915 590 2974; x_wconf 81' lang='lat' dir='ltr'>iis,</span> <span class='ocrx_word' id='word_1_222' title='bbox 622 2931 728 2978; x_wconf 82' lang='lat' dir='ltr'>quae</span> <span class='ocrx_word' id='word_1_223' title='bbox 762 2915 867 2979; x_wconf 82' lang='lat' dir='ltr'>ipse</span> <span class='ocrx_word' id='word_1_224' title='bbox 898 2913 955 2960; x_wconf 86' lang='lat' dir='ltr'>de</span> <span class='ocrx_word' id='word_1_225' title='bbox 974 2930 1074 2960; x_wconf 86' lang='lat' dir='ltr'>uno</span> <span class='ocrx_word' id='word_1_226' title='bbox 1107 2912 1243 2973; x_wconf 88' lang='lat' dir='ltr'>Deo,</span> <span class='ocrx_word' id='word_1_227' title='bbox 1275 2928 1393 2959; x_wconf 83' lang='lat' dir='ltr'>con-</span> 
     </span>
     <span class='ocr_line' id='line_1_31' title="bbox 372 2993 1392 3054; baseline -0.003 -12"><span class='ocrx_word' id='word_1_228' title='bbox 372 2994 529 3043; x_wconf 83' lang='lat' dir='ltr'>ditore</span> <span class='ocrx_word' id='word_1_229' title='bbox 541 3003 586 3042; x_wconf 90' lang='lat' dir='ltr'>et</span> <span class='ocrx_word' id='word_1_230' title='bbox 615 2995 908 3042; x_wconf 82' lang='lat' dir='ltr'>moderatore</span> <span class='ocrx_word' id='word_1_231' title='bbox 936 2996 1176 3054; x_wconf 84' lang='lat' dir='ltr'>omnium,</span> <span class='ocrx_word' id='word_1_232' title='bbox 1198 2993 1392 3041; x_wconf 86' lang='lat' dir='ltr'>colendo</span> 
     </span>
     <span class='ocr_line' id='line_1_32' title="bbox 370 3076 1392 3141; baseline -0.002 -17"><span class='ocrx_word' id='word_1_233' title='bbox 370 3077 580 3137; x_wconf 83' lang='lat' dir='ltr'>doceret,</span> <span class='ocrx_word' id='word_1_234' title='bbox 597 3076 997 3125; x_wconf 82' lang='lat' dir='ltr'>accommodaret.</span> <span class='ocrx_word' id='word_1_235' title='bbox 1016 3076 1111 3124; x_wconf 87' lang='lat' dir='ltr'>Cur</span> <span class='ocrx_word' id='word_1_236' title='bbox 1127 3094 1224 3122; x_wconf 91' lang='lat' dir='ltr'>non</span> <span class='ocrx_word' id='word_1_237' title='bbox 1238 3078 1392 3141; x_wconf 87' lang='lat' dir='ltr'>potius</span> 
     </span>
     <span class='ocr_line' id='line_1_33' title="bbox 372 3159 1393 3226; baseline -0.004 -17"><span class='ocrx_word' id='word_1_238' title='bbox 372 3178 398 3209; x_wconf 84' lang='lat' dir='ltr'>a</span> <span class='ocrx_word' id='word_1_239' title='bbox 434 3159 693 3226; x_wconf 82' lang='lat' dir='ltr'>majoribus</span> <span class='ocrx_word' id='word_1_240' title='bbox 723 3162 819 3208; x_wconf 84' lang='lat' dir='ltr'>suis</span> <span class='ocrx_word' id='word_1_241' title='bbox 848 3160 948 3208; x_wconf 83' lang='lat' dir='ltr'>haec</span> <span class='ocrx_word' id='word_1_242' title='bbox 977 3162 1075 3224; x_wconf 86' lang='lat' dir='ltr'>ipsa</span> <span class='ocrx_word' id='word_1_243' title='bbox 1101 3159 1281 3223; x_wconf 83' lang='lat' dir='ltr'>Moyses</span> <span class='ocrx_word' id='word_1_244' title='bbox 1314 3175 1393 3206; x_wconf 92' lang='lat' dir='ltr'>ac-</span> 
     </span>
     <span class='ocr_line' id='line_1_34' title="bbox 373 3241 1392 3308; baseline -0.004 -17"><span class='ocrx_word' id='word_1_245' title='bbox 373 3244 549 3307; x_wconf 83' lang='lat' dir='ltr'>cepisse</span> <span class='ocrx_word' id='word_1_246' title='bbox 582 3242 809 3290; x_wconf 89' lang='lat' dir='ltr'>dicendus</span> <span class='ocrx_word' id='word_1_247' title='bbox 841 3253 908 3290; x_wconf 88' lang='lat' dir='ltr'>est</span> <span class='ocrx_word' id='word_1_248' title='bbox 929 3277 943 3304; x_wconf 83' lang='lat'>‚</span> <span class='ocrx_word' id='word_1_249' title='bbox 978 3259 1120 3308; x_wconf 88' lang='lat' dir='ltr'>quam</span> <span class='ocrx_word' id='word_1_250' title='bbox 1149 3259 1175 3289; x_wconf 87' lang='lat' dir='ltr'>a</span> <span class='ocrx_word' id='word_1_251' title='bbox 1205 3241 1392 3288; x_wconf 79' lang='lat' dir='ltr'>Phoeni-</span> 
     </span>
     <span class='ocr_line' id='line_1_35' title="bbox 373 3324 1392 3390; baseline -0.002 -18"><span class='ocrx_word' id='word_1_252' title='bbox 373 3324 506 3373; x_wconf 89' lang='lat' dir='ltr'>cibus</span> <span class='ocrx_word' id='word_1_253' title='bbox 526 3359 541 3387; x_wconf 88' lang='lat'>‚</span> <span class='ocrx_word' id='word_1_254' title='bbox 570 3340 679 3372; x_wconf 91' lang='lat' dir='ltr'>cum</span> <span class='ocrx_word' id='word_1_255' title='bbox 706 3324 876 3390; x_wconf 87' lang='lat' dir='ltr'>quibus</span> <span class='ocrx_word' id='word_1_256' title='bbox 893 3327 990 3389; x_wconf 82' lang='lat' dir='ltr'>ipse</span> <span class='ocrx_word' id='word_1_257' title='bbox 1013 3340 1259 3389; x_wconf 89' lang='lat' dir='ltr'>nunquam</span> <span class='ocrx_word' id='word_1_258' title='bbox 1278 3340 1392 3371; x_wconf 89' lang='lat' dir='ltr'>con-</span> 
     </span>
     <span class='ocr_line' id='line_1_36' title="bbox 373 3406 1395 3472; baseline -0.003 -16"><span class='ocrx_word' id='word_1_259' title='bbox 373 3417 579 3456; x_wconf 83' lang='lat' dir='ltr'>versatus</span> <span class='ocrx_word' id='word_1_260' title='bbox 611 3417 709 3467; x_wconf 82' lang='lat' dir='ltr'>est,</span> <span class='ocrx_word' id='word_1_261' title='bbox 751 3417 797 3455; x_wconf 88' lang='lat' dir='ltr'>et</span> <span class='ocrx_word' id='word_1_262' title='bbox 826 3407 884 3455; x_wconf 86' lang='lat' dir='ltr'>ab</span> <span class='ocrx_word' id='word_1_263' title='bbox 922 3406 1142 3472; x_wconf 82' lang='lat' dir='ltr'>AEgyptiis</span> <span class='ocrx_word' id='word_1_264' title='bbox 1164 3443 1177 3467; x_wconf 84' lang='lat'>‚</span> <span class='ocrx_word' id='word_1_265' title='bbox 1217 3409 1297 3472; x_wconf 91' lang='lat' dir='ltr'>qui</span> <span class='ocrx_word' id='word_1_266' title='bbox 1327 3415 1395 3454; x_wconf 88' lang='lat' dir='ltr'>tot</span> 
     </span>
     <span class='ocr_line' id='line_1_37' title="bbox 374 3489 1393 3556; baseline -0.004 -18"><span class='ocrx_word' id='word_1_267' title='bbox 374 3508 606 3539; x_wconf 87' lang='lat' dir='ltr'>annorum</span> <span class='ocrx_word' id='word_1_268' title='bbox 629 3490 860 3556; x_wconf 81' lang='lat' dir='ltr'>myriades</span> <span class='ocrx_word' id='word_1_269' title='bbox 886 3491 1177 3556; x_wconf 73' lang='lat' dir='ltr'>antiquitatis</span> <span class='ocrx_word' id='word_1_270' title='bbox 1196 3489 1285 3536; x_wconf 86' lang='lat' dir='ltr'>sibi</span> <span class='ocrx_word' id='word_1_271' title='bbox 1308 3490 1393 3535; x_wconf 86' lang='lat' dir='ltr'>tri-</span> 
     </span>
     <span class='ocr_line' id='line_1_38' title="bbox 371 3571 1395 3638; baseline -0.002 -19"><span class='ocrx_word' id='word_1_272' title='bbox 371 3571 615 3632; x_wconf 85' lang='lat' dir='ltr'>buebant,</span> <span class='ocrx_word' id='word_1_273' title='bbox 644 3571 911 3638; x_wconf 87' lang='lat' dir='ltr'>quibusque</span> <span class='ocrx_word' id='word_1_274' title='bbox 953 3571 1395 3621; x_wconf 66' lang='lat' dir='ltr'>recentem³mundi</span> 
     </span>
     <span class='ocr_line' id='line_1_39' title="bbox 377 3654 1392 3720; baseline -0.002 -18"><span class='ocrx_word' id='word_1_275' title='bbox 377 3665 531 3703; x_wconf 85' lang='lat' dir='ltr'>ortum</span> <span class='ocrx_word' id='word_1_276' title='bbox 560 3657 792 3720; x_wconf 81' lang='lat' dir='ltr'>opponit?</span> <span class='ocrx_word' id='word_1_277' title='bbox 823 3654 1043 3720; x_wconf 81' lang='lat' dir='ltr'>Apposite</span> <span class='ocrx_word' id='word_1_278' title='bbox 1073 3654 1142 3703; x_wconf 92' lang='lat' dir='ltr'>De</span> <span class='ocrx_word' id='word_1_279' title='bbox 1161 3654 1293 3714; x_wconf 66' lang='lat' dir='ltr'>Luc3</span> <span class='ocrx_word' id='word_1_280' title='bbox 1318 3671 1392 3718; x_wconf 90' lang='lat' dir='ltr'>op.</span> 
     </span>
     <span class='ocr_line' id='line_1_40' title="bbox 376 3734 1396 3798; baseline 0.003 -15"><span class='ocrx_word' id='word_1_281' title='bbox 376 3738 456 3783; x_wconf 88' lang='lat' dir='ltr'>cit.</span> <span class='ocrx_word' id='word_1_282' title='bbox 488 3734 577 3783; x_wconf 69' lang='lat'>6⁰¹⁶</span> <span class='ocrx_word' id='word_1_283' title='bbox 599 3738 731 3787; x_wconf 87' lang='lat' dir='ltr'>lettre</span> <span class='ocrx_word' id='word_1_284' title='bbox 750 3776 763 3798; x_wconf 89' lang='lat'>‚</span> <span class='ocrx_word' id='word_1_285' title='bbox 792 3738 1006 3786; x_wconf 85' lang='lat' dir='ltr'>confutat</span> <span class='ocrx_word' id='word_1_286' title='bbox 1033 3738 1155 3785; x_wconf 88' lang='lat' dir='ltr'>hanc</span> <span class='ocrx_word' id='word_1_287' title='bbox 1176 3737 1396 3786; x_wconf 83' lang='lat' dir='ltr'>incredu-</span> 
     </span>
    </p>
   </div>
   <div class='ocr_carea' id='block_1_6' title="bbox 1476 2088 2500 2236">
    <p class='ocr_par' dir='ltr' id='par_1_7' title="bbox 1476 2088 2500 2236">
     <span class='ocr_line' id='line_1_41' title="bbox 1477 2088 2500 2149; baseline 0.001 -14"><span class='ocrx_word' id='word_1_288' title='bbox 1477 2088 1630 2136; x_wconf 91' lang='lat' dir='ltr'>lorum</span> <span class='ocrx_word' id='word_1_289' title='bbox 1660 2091 1936 2137; x_wconf 87' lang='lat' dir='ltr'>sententiam</span> <span class='ocrx_word' id='word_1_290' title='bbox 1959 2126 1971 2149; x_wconf 84' lang='lat'>‚</span> <span class='ocrx_word' id='word_1_291' title='bbox 2009 2088 2261 2138; x_wconf 87' lang='lat' dir='ltr'>deductum</span> <span class='ocrx_word' id='word_1_292' title='bbox 2292 2106 2345 2137; x_wconf 87' lang='lat' dir='ltr'>ex</span> <span class='ocrx_word' id='word_1_293' title='bbox 2368 2091 2500 2136; x_wconf 89' lang='lat' dir='ltr'>simi-</span> 
     </span>
     <span class='ocr_line' id='line_1_42' title="bbox 1476 2171 2498 2236; baseline 0 -18"><span class='ocrx_word' id='word_1_294' title='bbox 1476 2171 1676 2219; x_wconf 87' lang='lat' dir='ltr'>litudine</span> <span class='ocrx_word' id='word_1_295' title='bbox 1697 2208 1709 2230; x_wconf 92' lang='lat'><strong>‚</strong></span> <span class='ocrx_word' id='word_1_296' title='bbox 1731 2188 1832 2236; x_wconf 85' lang='lat' dir='ltr'>quae</span> <span class='ocrx_word' id='word_1_297' title='bbox 1854 2171 2096 2219; x_wconf 86' lang='lat' dir='ltr'>intercedit</span> <span class='ocrx_word' id='word_1_298' title='bbox 2114 2173 2234 2219; x_wconf 88' lang='lat' dir='ltr'>inter</span> <span class='ocrx_word' id='word_1_299' title='bbox 2246 2174 2498 2218; x_wconf 65' lang='lat' dir='ltr'>mosaicam</span> 
     </span>
    </p>
   </div>
   <div class='ocr_carea' id='block_1_7' title="bbox 921 2252 2499 2318">
    <p class='ocr_par' dir='ltr' id='par_1_8' title="bbox 921 2252 2499 2318">
     <span class='ocr_line' id='line_1_43' title="bbox 921 2252 2499 2318; baseline -0.001 -17"><span class='ocrx_word' id='word_1_300' title='bbox 921 2252 1019 2301; x_wconf 86' lang='lat' dir='ltr'>Illa</span> <span class='ocrx_word' id='word_1_301' title='bbox 1063 2261 1225 2300; x_wconf 86' lang='lat' dir='ltr'>autem</span> <span class='ocrx_word' id='word_1_302' title='bbox 1268 2252 1397 2317; x_wconf 83' lang='lat' dir='ltr'>quod</span> <span class='ocrx_word' id='word_1_303' title='bbox 1477 2255 1898 2317; x_wconf 85' lang='lat' dir='ltr'>cosmogoniam·et</span> <span class='ocrx_word' id='word_1_304' title='bbox 1934 2253 2265 2318; x_wconf 82' lang='lat' dir='ltr'>mythologiam</span> <span class='ocrx_word' id='word_1_305' title='bbox 2291 2263 2499 2300; x_wconf 88' lang='lat' dir='ltr'>veterum</span> 
     </span>
    </p>
   </div>
   <div class='ocr_carea' id='block_1_8' title="bbox 1468 2334 2501 2566">
    <p class='ocr_par' dir='ltr' id='par_1_9' title="bbox 1468 2334 2501 2566">
     <span class='ocr_line' id='line_1_44' title="bbox 1477 2334 2500 2401; baseline -0.002 -18"><span class='ocrx_word' id='word_1_306' title='bbox 1477 2336 1757 2401; x_wconf 88' lang='lat' dir='ltr'>populorum</span> <span class='ocrx_word' id='word_1_307' title='bbox 1815 2353 1827 2384; x_wconf 94' lang='lat'><strong>:</strong></span> <span class='ocrx_word' id='word_1_308' title='bbox 1887 2334 1975 2383; x_wconf 85' lang='lat' dir='ltr'>Ces</span> <span class='ocrx_word' id='word_1_309' title='bbox 2043 2334 2354 2400; x_wconf 75' lang='lat' dir='ltr'>mytholoqies</span> <span class='ocrx_word' id='word_1_310' title='bbox 2419 2334 2500 2383; x_wconf 84' lang='lat' dir='ltr'>des</span> 
     </span>
     <span class='ocr_line' id='line_1_45' title="bbox 1468 2417 2495 2484; baseline -0.002 -18"><span class='ocrx_word' id='word_1_311' title='bbox 1468 2423 1650 2484; x_wconf 58' lang='lat' dir='ltr'>paiens</span> <span class='ocrx_word' id='word_1_312' title='bbox 1670 2456 1684 2479; x_wconf 84' lang='lat'><strong>,</strong></span> <span class='ocrx_word' id='word_1_313' title='bbox 1713 2418 1976 2478; x_wconf 82' lang='lat' dir='ltr'>concludit,</span> <span class='ocrx_word' id='word_1_314' title='bbox 1999 2420 2175 2466; x_wconf 75' lang='lat' dir='ltr'>etaient</span> <span class='ocrx_word' id='word_1_315' title='bbox 2195 2425 2344 2465; x_wconf 81' lang='lat' dir='ltr'>tou—les</span> <span class='ocrx_word' id='word_1_316' title='bbox 2366 2417 2495 2477; x_wconf 68' lang='lat' dir='ltr'>lices,</span> 
     </span>
     <span class='ocr_line' id='line_1_46' title="bbox 1474 2498 2501 2566; baseline -0.004 -17"><span class='ocrx_word' id='word_1_317' title='bbox 1474 2503 1679 2566; x_wconf 78' lang='lat' dir='ltr'>quoique</span> <span class='ocrx_word' id='word_1_318' title='bbox 1719 2502 2068 2560; x_wconf 64' lang='lat' dir='ltr'>diver-semem,</span> <span class='ocrx_word' id='word_1_319' title='bbox 2113 2501 2142 2547; x_wconf 87' lang='grc' dir='ltr'><em>ὰ</em></span> <span class='ocrx_word' id='word_1_320' title='bbox 2184 2498 2322 2547; x_wconf 80' lang='lat' dir='ltr'>l’idee</span> <span class='ocrx_word' id='word_1_321' title='bbox 2357 2499 2501 2546; x_wconf 84' lang='lat' dir='ltr'>d’une</span> 
     </span>
    </p>
   </div>
   <div class='ocr_carea' id='block_1_9' title="bbox 1464 2582 2501 2648">
    <p class='ocr_par' dir='ltr' id='par_1_10' title="bbox 1464 2582 2501 2648">
     <span class='ocr_line' id='line_1_47' title="bbox 1464 2582 2501 2648; baseline -0.002 -17"><span class='ocrx_word' id='word_1_322' title='bbox 1464 2585 1714 2648; x_wconf 64' lang='lat' dir='ltr'>antiquit&amp;</span> <span class='ocrx_word' id='word_1_323' title='bbox 1745 2582 2092 2631; x_wconf 75' lang='lat' dir='ltr'>immemor-tale</span> <span class='ocrx_word' id='word_1_324' title='bbox 2139 2582 2195 2629; x_wconf 90' lang='lat' dir='ltr'>de</span> <span class='ocrx_word' id='word_1_325' title='bbox 2238 2583 2371 2629; x_wconf 84' lang='lat' dir='ltr'>leurs</span> <span class='ocrx_word' id='word_1_326' title='bbox 2410 2597 2501 2629; x_wconf 87' lang='lat' dir='ltr'>na-</span> 
     </span>
    </p>
   </div>
   <div class='ocr_carea' id='block_1_10' title="bbox 1469 2663 2502 3717">
    <p class='ocr_par' dir='ltr' id='par_1_11' title="bbox 1469 2663 2502 3717">
     <span class='ocr_line' id='line_1_48' title="bbox 1476 2663 2502 2732; baseline -0.005 -18"><span class='ocrx_word' id='word_1_327' title='bbox 1476 2668 1667 2716; x_wconf 80' lang='lat' dir='ltr'>tions...</span> <span class='ocrx_word' id='word_1_328' title='bbox 1701 2665 1983 2732; x_wconf 83' lang='lat' dir='ltr'>Cependant</span> <span class='ocrx_word' id='word_1_329' title='bbox 2007 2668 2173 2714; x_wconf 77' lang='lat' dir='ltr'>Mo‘ise</span> <span class='ocrx_word' id='word_1_330' title='bbox 2210 2663 2502 2711; x_wconf 84' lang='lat' dir='ltr'>s’adressant</span> 
     </span>
     <span class='ocr_line' id='line_1_49' title="bbox 1477 2744 2500 2797; baseline -0.005 0"><span class='ocrx_word' id='word_1_331' title='bbox 1477 2750 1507 2797; x_wconf 85' lang='grc' dir='ltr'><em>ὰ</em></span> <span class='ocrx_word' id='word_1_332' title='bbox 1537 2766 1592 2797; x_wconf 87' lang='lat' dir='ltr'>sa</span> <span class='ocrx_word' id='word_1_333' title='bbox 1622 2750 1796 2797; x_wconf 83' lang='lat' dir='ltr'>nation</span> <span class='ocrx_word' id='word_1_334' title='bbox 1825 2747 2172 2797; x_wconf 81' lang='lat' dir='ltr'>nouvellement</span> <span class='ocrx_word' id='word_1_335' title='bbox 2198 2747 2343 2793; x_wconf 80' lang='lat' dir='ltr'>sorte’e</span> <span class='ocrx_word' id='word_1_336' title='bbox 2375 2744 2500 2792; x_wconf 85' lang='lat' dir='ltr'>d&#39;un</span> 
     </span>
     <span class='ocr_line' id='line_1_50' title="bbox 1469 2829 2499 2898; baseline -0.004 -19"><span class='ocrx_word' id='word_1_337' title='bbox 1469 2848 1629 2898; x_wconf 81' lang='lat' dir='ltr'>pays,</span> <span class='ocrx_word' id='word_1_338' title='bbox 1655 2830 1717 2879; x_wconf 69' lang='lat'>01¹1</span> <span class='ocrx_word' id='word_1_339' title='bbox 1746 2832 2000 2895; x_wconf 71' lang='lat' dir='ltr'>reynaient</span> <span class='ocrx_word' id='word_1_340' title='bbox 2028 2846 2103 2877; x_wconf 86' lang='lat' dir='ltr'>ces</span> <span class='ocrx_word' id='word_1_341' title='bbox 2135 2829 2293 2888; x_wconf 78' lang='lat' dir='ltr'>idees,</span> <span class='ocrx_word' id='word_1_342' title='bbox 2329 2835 2375 2875; x_wconf 88' lang='lat' dir='ltr'>et</span> <span class='ocrx_word' id='word_1_343' title='bbox 2399 2836 2499 2875; x_wconf 88' lang='lat' dir='ltr'>tra-</span> 
     </span>
     <span class='ocr_line' id='line_1_51' title="bbox 1478 2909 2501 2978; baseline -0.005 -18"><span class='ocrx_word' id='word_1_344' title='bbox 1478 2922 1591 2978; x_wconf 64' lang='lat' dir='ltr'>pant</span> <span class='ocrx_word' id='word_1_345' title='bbox 1621 2911 1854 2959; x_wconf 76' lang='lat' dir='ltr'>l&#39;hz‘stoire</span> <span class='ocrx_word' id='word_1_346' title='bbox 1880 2911 1937 2958; x_wconf 86' lang='lat' dir='ltr'>de</span> <span class='ocrx_word' id='word_1_347' title='bbox 1962 2910 2009 2958; x_wconf 89' lang='lat' dir='ltr'>la</span> <span class='ocrx_word' id='word_1_348' title='bbox 2039 2909 2257 2958; x_wconf 76' lang='lat' dir='ltr'>nouvelle</span> <span class='ocrx_word' id='word_1_349' title='bbox 2286 2925 2396 2957; x_wconf 87' lang='lat' dir='ltr'>race</span> <span class='ocrx_word' id='word_1_350' title='bbox 2421 2909 2501 2956; x_wconf 85' lang='lat' dir='ltr'>des</span> 
     </span>
     <span class='ocr_line' id='line_1_52' title="bbox 1477 2991 2501 3060; baseline -0.004 -18"><span class='ocrx_word' id='word_1_351' title='bbox 1477 2996 1688 3043; x_wconf 77' lang='lat' dir='ltr'>hommes</span> <span class='ocrx_word' id='word_1_352' title='bbox 1706 3032 1718 3054; x_wconf 88' lang='lat'><strong>‚</strong></span> <span class='ocrx_word' id='word_1_353' title='bbox 1739 2994 1910 3060; x_wconf 77' lang='lat' dir='ltr'>depuis</span> <span class='ocrx_word' id='word_1_354' title='bbox 1931 2992 1976 3041; x_wconf 87' lang='lat' dir='ltr'>Ia</span> <span class='ocrx_word' id='word_1_355' title='bbox 1997 2995 2148 3040; x_wconf 67' lang='lat' dir='ltr'>meme</span> <span class='ocrx_word' id='word_1_356' title='bbox 2175 2997 2352 3057; x_wconf 78' lang='lat' dir='ltr'>epoque</span> <span class='ocrx_word' id='word_1_357' title='bbox 2369 2991 2501 3057; x_wconf 76' lang='lat' dir='ltr'>phy-</span> 
     </span>
     <span class='ocr_line' id='line_1_53' title="bbox 1477 3073 2498 3142; baseline -0.004 -18"><span class='ocrx_word' id='word_1_358' title='bbox 1477 3079 1643 3142; x_wconf 81' lang='lat' dir='ltr'>sique,</span> <span class='ocrx_word' id='word_1_359' title='bbox 1682 3092 1932 3124; x_wconf 85' lang='lat' dir='ltr'>commune</span> <span class='ocrx_word' id='word_1_360' title='bbox 1964 3077 1993 3123; x_wconf 84' lang='grc' dir='ltr'><em>ὰ</em></span> <span class='ocrx_word' id='word_1_361' title='bbox 2023 3083 2173 3122; x_wconf 80' lang='lat' dir='ltr'>tontes</span> <span class='ocrx_word' id='word_1_362' title='bbox 2214 3074 2278 3121; x_wconf 86' lang='lat' dir='ltr'>les</span> <span class='ocrx_word' id='word_1_363' title='bbox 2314 3073 2498 3137; x_wconf 79' lang='lat' dir='ltr'>mytho-</span> 
     </span>
     <span class='ocr_line' id='line_1_54' title="bbox 1477 3156 2498 3224; baseline -0.003 -19"><span class='ocrx_word' id='word_1_364' title='bbox 1477 3158 1621 3223; x_wconf 74' lang='lat' dir='ltr'>loqies</span> <span class='ocrx_word' id='word_1_365' title='bbox 1635 3158 1716 3206; x_wconf 81' lang='lat' dir='ltr'>des</span> <span class='ocrx_word' id='word_1_366' title='bbox 1732 3164 1938 3224; x_wconf 81' lang='lat' dir='ltr'>pa‘iens,</span> <span class='ocrx_word' id='word_1_367' title='bbox 1962 3159 2143 3205; x_wconf 77' lang='lat' dir='ltr'>associe</span> <span class='ocrx_word' id='word_1_368' title='bbox 2166 3164 2278 3204; x_wconf 83' lang='lat' dir='ltr'>cette</span> <span class='ocrx_word' id='word_1_369' title='bbox 2302 3156 2498 3204; x_wconf 77' lang='lat' dir='ltr'>histoire</span> 
     </span>
     <span class='ocr_line' id='line_1_55' title="bbox 1478 3238 2497 3306; baseline -0.004 -18"><span class='ocrx_word' id='word_1_370' title='bbox 1478 3242 1509 3289; x_wconf 83' lang='grc' dir='ltr'><em>ὰ</em></span> <span class='ocrx_word' id='word_1_371' title='bbox 1538 3239 1647 3288; x_wconf 89' lang='lat' dir='ltr'>celle</span> <span class='ocrx_word' id='word_1_372' title='bbox 1679 3241 1797 3287; x_wconf 82' lang='lat' dir='ltr'>d’un</span> <span class='ocrx_word' id='word_1_373' title='bbox 1819 3241 1947 3306; x_wconf 80' lang='lat' dir='ltr'>petit</span> <span class='ocrx_word' id='word_1_374' title='bbox 1976 3239 2173 3286; x_wconf 85' lang='lat' dir='ltr'>nombre</span> <span class='ocrx_word' id='word_1_375' title='bbox 2213 3238 2270 3285; x_wconf 84' lang='lat' dir='ltr'>de</span> <span class='ocrx_word' id='word_1_376' title='bbox 2299 3242 2497 3302; x_wconf 75' lang='lat' dir='ltr'>qe&#39;nem-</span> 
     </span>
     <span class='ocr_line' id='line_1_56' title="bbox 1480 3321 2496 3387; baseline -0.005 -16"><span class='ocrx_word' id='word_1_377' title='bbox 1480 3325 1607 3371; x_wconf 81' lang='lat' dir='ltr'>tions</span> <span class='ocrx_word' id='word_1_378' title='bbox 1641 3322 1883 3387; x_wconf 77' lang='lat' dir='ltr'>desiqnees</span> <span class='ocrx_word' id='word_1_379' title='bbox 1917 3338 2015 3387; x_wconf 81' lang='lat' dir='ltr'>par</span> <span class='ocrx_word' id='word_1_380' title='bbox 2055 3322 2137 3368; x_wconf 86' lang='lat' dir='ltr'>des</span> <span class='ocrx_word' id='word_1_381' title='bbox 2175 3321 2383 3369; x_wconf 80' lang='lat' dir='ltr'>hommes</span> <span class='ocrx_word' id='word_1_382' title='bbox 2423 3337 2496 3367; x_wconf 87' lang='lat' dir='ltr'>re-</span> 
     </span>
     <span class='ocr_line' id='line_1_57' title="bbox 1478 3402 2497 3470; baseline -0.005 -17"><span class='ocrx_word' id='word_1_383' title='bbox 1478 3404 1782 3470; x_wconf 82' lang='lat' dir='ltr'>marquables</span> <span class='ocrx_word' id='word_1_384' title='bbox 1797 3439 1813 3466; x_wconf 87' lang='lat'><strong><em>,</em></strong></span> <span class='ocrx_word' id='word_1_385' title='bbox 1847 3403 2159 3452; x_wconf 72' lang='lat' dir='ltr'>descendants</span> <span class='ocrx_word' id='word_1_386' title='bbox 2188 3402 2253 3464; x_wconf 49' lang='lat' dir='ltr'>les</span> <span class='ocrx_word' id='word_1_387' title='bbox 2281 3418 2374 3450; x_wconf 84' lang='lat' dir='ltr'>uns</span> <span class='ocrx_word' id='word_1_388' title='bbox 2416 3402 2497 3448; x_wconf 84' lang='lat' dir='ltr'>des</span> 
     </span>
     <span class='ocr_line' id='line_1_58' title="bbox 1480 3484 2497 3554; baseline -0.005 -18"><span class='ocrx_word' id='word_1_389' title='bbox 1480 3497 1662 3536; x_wconf 81' lang='lat' dir='ltr'>autres.</span> <span class='ocrx_word' id='word_1_390' title='bbox 1697 3487 1824 3554; x_wconf 78' lang='lat' dir='ltr'>Quel</span> <span class='ocrx_word' id='word_1_391' title='bbox 1850 3491 1980 3535; x_wconf 75' lang='lat' dir='ltr'>ecart</span> <span class='ocrx_word' id='word_1_392' title='bbox 2012 3487 2069 3534; x_wconf 86' lang='lat' dir='ltr'>de</span> <span class='ocrx_word' id='word_1_393' title='bbox 2097 3494 2212 3534; x_wconf 86' lang='lat' dir='ltr'>cette</span> <span class='ocrx_word' id='word_1_394' title='bbox 2235 3484 2497 3552; x_wconf 77' lang='lat' dir='ltr'>pretendue</span> 
     </span>
     <span class='ocr_line' id='line_1_59' title="bbox 1481 3565 2499 3631; baseline -0.003 -15"><span class='ocrx_word' id='word_1_395' title='bbox 1481 3571 1725 3618; x_wconf 82' lang='lat' dir='ltr'>imitation</span> <span class='ocrx_word' id='word_1_396' title='bbox 1754 3586 1866 3617; x_wconf 82' lang='lat' dir='ltr'>aveo</span> <span class='ocrx_word' id='word_1_397' title='bbox 1911 3568 1979 3616; x_wconf 89' lang='lat' dir='ltr'>les</span> <span class='ocrx_word' id='word_1_398' title='bbox 2019 3566 2217 3616; x_wconf 78' lang='lat' dir='ltr'>modeles</span> <span class='ocrx_word' id='word_1_399' title='bbox 2255 3565 2403 3631; x_wconf 84' lang='lat' dir='ltr'>qu&#39;on</span> <span class='ocrx_word' id='word_1_400' title='bbox 2424 3565 2499 3613; x_wconf 78' lang='lat' dir='ltr'>lui</span> 
     </span>
     <span class='ocr_line' id='line_1_60' title="bbox 1481 3648 2348 3717; baseline -0.005 -17"><span class='ocrx_word' id='word_1_401' title='bbox 1481 3654 1672 3717; x_wconf 71' lang='lat' dir='ltr'>assiqne</span> <span class='ocrx_word' id='word_1_402' title='bbox 1688 3653 1709 3699; x_wconf 79' lang='lat' dir='ltr'><em>J</em></span> <span class='ocrx_word' id='word_1_403' title='bbox 1743 3662 1831 3700; x_wconf 88' lang='lat' dir='ltr'>etc.</span> <span class='ocrx_word' id='word_1_404' title='bbox 1855 3689 1868 3711; x_wconf 88' lang='lat'>‚</span> <span class='ocrx_word' id='word_1_405' title='bbox 1900 3668 2003 3716; x_wconf 86' lang='lat' dir='ltr'>pag.</span> <span class='ocrx_word' id='word_1_406' title='bbox 2037 3648 2137 3717; x_wconf 83' lang='lat'>289</span> <span class='ocrx_word' id='word_1_407' title='bbox 2156 3658 2200 3697; x_wconf 88' lang='lat' dir='ltr'>et</span> <span class='ocrx_word' id='word_1_408' title='bbox 2224 3666 2348 3714; x_wconf 80' lang='lat' dir='ltr'>seqq.</span> 
     </span>
    </p>
   </div>
  </div>
 </body>
</html>
