2580 4152
2126 293 2207 352 49

265 316 424 358 PART.
459 319 499 353 1.
528 317 650 354 GAP.
679 316 738 354 V.
773 315 842 350 DE
869 314 1159 352 DAEMONUM
1184 312 1300 353 CUM
1328 313 1636 351 HOMINIBUS
1667 313 2009 353 COMMERGIO.

94 459 168 518 de
209 480 361 517 sana
389 467 580 514 mente
609 501 624 528 ‚
675 476 815 513 nam
854 453 1190 531 hujusmodi
1226 475 1367 514 voce
1410 476 1534 514 non
1581 454 1858 536 exprimit
1885 498 1901 528 ,
1945 454 2058 512 nisi
2107 476 2204 514 re-

95 553 248 612 ditus
275 550 526 611 hominis
557 549 720 608 istius
746 548 820 607 ad
854 559 1073 606 statum
1103 548 1422 629 pristinum
1456 594 1471 621 ‚
1504 560 1572 606 ut
1606 559 1771 630 patet
1795 569 1867 607 ex
1902 558 2198 608 contextu.

178 646 312 704 102.
355 644 450 704 -Ad
490 646 599 718 21¹²,
637 644 785 723 Ney.
826 643 1039 701 Mirum
1085 664 1224 701 sane
1271 654 1360 701 est
1399 654 1458 702 et
1489 642 1751 725 prodigio
1787 642 2009 717 simile,
2050 642 2210 724 quod

94 762 295 800 omnes
324 760 557 820 prorsus
580 758 646 796 ea
668 748 838 796 aetate
867 736 1071 795 eadem
1095 735 1416 795 laborarint
1445 737 1700 796 amentia
1731 783 1746 812 ,
1779 749 1846 795 ut
1870 758 2072 796 omnes
2097 737 2208 796 sibi

93 833 514 917 persuaderent
538 854 598 892 se
615 853 737 891 esse
765 853 795 889 a
825 832 1091 890 daemone
1124 830 1384 890 obsessos
1406 878 1420 906 a
1462 853 1564 890 seu
1590 843 1656 890 ut
1688 831 1880 913 placet
1908 831 2141 907 Iahni0‚
2177 853 2210 890 a

95 929 502 988 defunctorum
543 925 846 985 animabus
887 926 1200 1005 exagitatos
1237 924 1347 1005 (1).
1400 926 1539 985 Sine
1576 925 1790 984 tabulis
1830 937 1888 985 et
1923 925 2166 986 testibus
2189 971 2206 1000 ‚

95 1025 422 1102 refragante
447 1022 767 1104 praesertim
793 1021 1088 1101 Scriptura
1118 1065 1134 1093 a
1158 1019 1375 1077 horum
1398 1018 1548 1077 nihil
1570 1019 1957 1079 admittimus

189 1118 326 1175 103.
362 1116 497 1195 Obj.
528 1115 798 1176 secundo.
828 1116 992 1174 Jesus
1012 1159 1028 1187 ,
1054 1112 1345 1193 Apostoli,
1373 1124 1433 1171 et
1456 1113 1601 1171 sacri
1627 1115 1935 1194 scriptores
1958 1137 2080 1174 non
2106 1138 2211 1198 po-

98 1223 343 1272 tuerunt
372 1231 538 1272 voces
558 1254 574 1283 ,
609 1229 737 1290 quae
767 1207 839 1266 de
870 1207 1238 1266 daemoniacis
1281 1217 1419 1264 sunt
1439 1252 1455 1279 7
1485 1207 1548 1264 in
1571 1227 1745 1265 sensu
1774 1209 2012 1290 proprio
2036 1231 2210 1269 usur-

100 1328 258 1389 pare.
292 1305 522 1363 Etenim
554 1304 614 1360 1ο
645 1304 812 1360 Jesus
850 1312 909 1359 et
942 1299 1210 1381 Apostoli
1243 1300 1458 1359 docent
1478 1346 1494 1375 .,
1542 1301 1738 1359 omnia
1792 1323 1857 1361 ac
1898 1301 2209 1384 peculiaria

103 1419 379 1481 quaeque,
419 1418 548 1478 quae
578 1394 654 1455 ad
687 1395 956 1455 homines
995 1394 1330 1454 referuntur
1346 1438 1367 1467 ‚
1406 1394 1480 1453 ab
1525 1396 1652 1477 ipso
1687 1399 1808 1455 Deo
1848 1397 2162 1478 gubernari
2191 1424 2208 1472 ς

98 1515 217 1553 non
245 1502 563 1575 potuerunt
605 1491 801 1572 itaque
839 1495 960 1568 ejus
993 1511 1117 1549 esse
1160 1490 1466 1549 sententiae
1491 1535 1507 1564 ,
1554 1501 1619 1548 ut
1655 1490 1962 1551 crederent
1990 1492 2212 1552 daemo-

98 1609 203 1647 nes
239 1587 391 1666 (sive
430 1586 639 1645 animae
674 1585 1092 1644 defunctorum
1133 1584 1254 1645 sive
1294 1583 1391 1642 alii
1416 1583 1556 1643 mali
1599 1586 1834 1666 spiritus
1875 1587 2212 1669 intelligan-

99 1683 226 1763 tur)
250 1680 585 1740 hominibus
615 1691 704 1739 tot
730 1690 1010 1761 tantaque
1046 1677 1199 1738 mala
1231 1678 1447 1738 inferre
1467 1724 1482 1755 7
1530 1691 1632 1739 aut
1665 1685 1856 1740 Deum
1892 1681 2030 1741 talia
2069 1705 2209 1764 per·
2269 1690 2281 1696 ’

104 1900 157 1948 3⁰
185 1898 319 1948 Unde
355 1898 556 1964 denique
584 1897 747 1946 didicit
776 1897 990 1946 eumdem
1022 1897 1109 1944 ho-

100 1983 275 2029 minem
306 1987 442 2028 aestro
476 1980 712 2043 aqitatum
749 1995 887 2042 aqros
908 1994 1106 2044 percur-

100 2064 220 2110 risse
250 2072 295 2111 et
317 2062 621 2127 praecipitem
661 2077 848 2125 qreqem
891 2061 1074 2108 dedisse
1092 2099 1106 2121 ‚

102 2161 211 2193 cnm
239 2161 265 2193 e
290 2159 505 2194 converso
535 2142 680 2191 iidem
707 2142 1005 2206 Evangelistae
1033 2158 1109 2192 re-

102 2226 271 2286 ferant,
290 2227 476 2290 spiritus
489 2225 711 2272 introisse
729 2226 779 2271 in
796 2241 972 2289 porcos,
985 2224 1110 2273 unde

104 2325 212 2371 grex
251 2309 490 2356 universus
527 2310 579 2354 in
616 2322 742 2354 mare
772 2308 937 2371 periit,
969 2306 1109 2354 homo

105 2397 259 2436 antem
290 2389 494 2437 consedit
522 2389 581 2437 ad
605 2389 743 2453 pedes
760 2387 869 2436 Jesu
898 2389 991 2436 suis
1011 2405 1110 2437 ves·

106 2469 230 2517 tibus
261 2469 451 2518 indutus
478 2462 664 2536 suaeqne
692 2472 858 2518 mentis
887 2472 1111 2534 compos?

106 2548 162 2614 4⁰
188 2550 353 2598 Nonne
368 2568 394 2598 a
417 2567 524 2599 vero
539 2551 788 2599 admodum
807 2552 969 2612 distat,
987 2551 1112 2618 quod

109 2633 168 2680 ad
195 2635 334 2680 unius
361 2633 466 2692 vel,
497 2634 534 2679 si
560 2633 726 2697 placet,
742 2633 940 2681 duorum
960 2634 1114 2681 homi-

108 2731 222 2762 num
247 2717 486 2762 incursum
511 2714 583 2762 bis
612 2714 738 2762 mille
762 2717 888 2779 porci
913 2716 964 2761 in
990 2732 1116 2763 mare

109 2812 204 2844 sese
237 2798 488 2860 praecipites
526 2796 765 2856 dederint,
803 2812 911 2843 cum
949 2798 1025 2843 vix
1059 2796 1139 2844 de.

108 2879 266 2941 paucis
292 2878 340 2925 id
375 2877 595 2926 credibile
636 2895 732 2925 esse
768 2881 956 2941 posset?
983 2876 1117 2925 Tales

112 2974 243 3022 porro
271 2968 379 3007 sunt
401 2961 724 3024 sapientissimi
744 2961 815 3007 isti
834 2961 1009 3019 critici,
1038 2963 1117 3024 qui

116 3054 174 3086 ne
197 3051 503 3105 praeconeepta
523 3040 697 3105 judicia
719 3040 964 3107 abjiciant,
994 3043 1116 3106 ejus-

117 3119 241 3166 modi
273 3121 468 3171 absurda
500 3123 699 3187 proferre
735 3140 834 3170 non
872 3132 1114 3186 verentur-3

120 3209 164 3247 et
199 3199 319 3249 Jahn
357 3205 452 3269 ipse
490 3222 565 3254 eos
605 3204 754 3253 alacer
785 3220 840 3252 ac
869 3206 1118 3269 morigerus

120 3281 358 3331 exscribit!

186 3363 258 3426 (1)
294 3362 364 3410 Ita
389 3363 524 3429 plane
547 3367 791 3415 arbitratur
821 3366 943 3414 Jahn
966 3405 978 3427 ‚
1007 3384 1119 3415 auc-

120 3445 301 3491 toritate
333 3444 496 3493 ductus
528 3447 747 3513 Josephi‚
781 3451 862 3514 qui
892 3447 973 3496 De
1003 3448 1119 3496 bello

117 3522 354 3586 Judaico,
375 3525 459 3574 lib.
478 3544 542 3574 vn
556 3564 569 3588 ,
586 3545 686 3594 cap.
715 3526 749 3576 6
767 3566 780 3590 ,
812 3528 903 3596 33,
927 3530 1083 3577 scribit
1103 3547 1117 3578 :

121 3603 189 3654 ‘ra'
218 3603 310 3674 γοῖς
339 3605 593 3671 κωλοῦμενα
611 3607 853 3673 δαιμᾶνιοι,
882 3619 1031 3661 ταῦτα
1058 3608 1118 3659 δὲ

120 3686 301 3754 πονηρῶν
327 3691 444 3739 ἐστιν
473 3691 706 3758 hspes-m
733 3691 997 3757 πτώματα,
1026 3694 1122 3743 τοῖς·

122 3767 253 3831 {Bam
275 3770 542 3836 εἰσ-δυέμενοι
563 3811 576 3835 ,
594 3776 641 3823 id
655 3785 748 3834 est,
765 3775 895 3824 Nam
911 3793 1017 3841 quae
1036 3776 1125 3824 ἀω-

282 3867 346 3924 Τ.
396 3867 491 3926 ΙΙΙ.

1187 1898 1352 1946 monia
1386 1906 1644 1960 vocantur,
1668 1899 1768 1948 haec
1788 1899 2025 1949 malorum
2055 1901 2211 1950 homi·

1186 1994 1307 2026 num
1324 1981 1528 2045 spiritus
1554 1989 1686 2049 sunt.
1709 1981 1862 2047 HuJus
1898 1983 2091 2048 quidem
2120 1986 2212 2050 opi·

1187 2063 1343 2109 nionis
1372 2065 1586 2110 meminit
1606 2061 1657 2110 S.
1677 2062 1817 2112 Joan.
1849 2063 2034 2130 Chryst.
2066 2065 2212 2114 Hom.

1188 2145 1268 2190 cit.
1284 2145 1335 2190 in
1353 2161 1455 2208 cap.
1476 2144 1509 2193 8
1529 2143 1581 2193 S.
1606 2143 1772 2192 Matth.
1792 2144 1886 2194 Sed
1901 2147 2002 2195 haec
2024 2150 2214 2197 nonnisi

1189 2226 1363 2287 privata
1383 2235 1429 2274 et
1441 2242 1693 2290 paucorum
1724 2229 1882 2291 opinio
1909 2228 2029 2291 fuit,
2058 2246 2212 2295 neque

1190 2323 1399 2372 unquam
1421 2308 1691 2356 universalis
1722 2318 1803 2356 ant
1831 2310 2062 2374 popularis
2090 2311 2212 2360 facta

1194 2397 1280 2436 est.
1299 2387 1450 2452 Quare
1465 2389 1537 2436 vel
1565 2389 1624 2437 ab
1642 2391 1753 2453 ipsis
1768 2391 2065 2440 rationalistis
2079 2395 2211 2459 rejici

1190 2481 1283 2518 tur.
1300 2470 1766 2536 SaneWegscheider‚
1784 2470 1810 2536 §
1832 2489 1847 2518 ι
1860 2469 1943 2535 04,
1960 2491 2012 2522 n.
2032 2491 2082 2536 a,
2102 2478 2211 2523 scri·

1190 2540 1286 2600 bit:
1304 2550 1401 2598 Sed
1412 2569 1467 2599 ea
1481 2554 1716 2600 sententia
1729 2569 1874 2616 qnam
1888 2570 2043 2619 nuper
2055 2555 2211 2604 denuo

1183 2633 1411 2699 protulit.
1445 2635 1493 2680 1⁰
1513 2632 1649 2682 Jahn
1669 2671 1682 2694 ‚
1700 2634 1933 2683 doemones
1953 2638 2011 2683 in
2032 2637 2110 2685 N.
2139 2638 2203 2686 T.

1193 2725 1579 2764 commemoratos
1609 2717 1669 2763 ab
1700 2716 1908 2780 Anqelis
1931 2718 2076 2765 malis
2111 2727 2156 2766 et
2178 2736 2210 2767 a

1195 2792 1381 2844 diaboli>
1412 2813 1509 2844 csse
1535 2797 1679 2861 probe
1710 2798 2107 2863 distinquendos,
2151 2818 2209 2849 ac

1188 2879 1342 2943 fuisse
1348 2894 1439 2943 pro
1447 2880 1630 2926 animis
1642 2889 1941 2928 mortuorum
1956 2881 2209 2930 hominnm

1195 2960 1520 3025 improborum
1553 2960 1740 3009 habitos
1758 2999 1769 3020 ‚
1792 2962 1868 3011 vel
1894 2980 1991 3011 uno
2016 2964 2210 3029 quidem

1196 3041 1265 3090 N.
1296 3042 1359 3090 T.
1375 3042 1500 3090 dicto
1511 3042 1717 3108 probari
1734 3046 1914 3109 nequit.
1934 3045 2043 3094 Vid.
2064 3046 2128 3096 H.
2150 3046 2208 3096 A.

1195 3123 1355 3172 Schott
1387 3123 1466 3172 Pr.
1499 3125 1754 3173 Sententia
1775 3163 1788 3184 ‚
1809 3143 1916 3190 quae
1937 3144 2094 3192 nuper
2111 3128 2215 3192 fnit

1187 3214 1495 3272 propuqnala
1522 3205 1579 3253 de
1595 3208 1660 3259 iis
1682 3210 1877 3255 naturis
1890 3244 1902 3265 ,
1923 3225 2030 3272 quae
2043 3211 2101 3257 in
2116 3209 2204 3259 lib.

1197 3287 1265 3336 N.
1294 3287 1358 3335 T.
1395 3285 1612 3350 δαίμονες
1641 3288 1882 3347 audiunt,
1920 3290 1980 3337 ab
2002 3289 2210 3354 Anqelis

1195 3368 1339 3416 malis
1357 3378 1401 3416 et
1414 3378 1588 3417 satana
1602 3386 1805 3434 prorsus
1823 3370 2204 3435 distinq-uendis,

1197 3453 1507 3499 accuminatur
1525 3489 1538 3511 ‚
1566 3448 1620 3513 40
1646 3451 1775 3500 Jenae
1818 3450 1962 3501 1821.
1997 3453 2213 3502 Attamen

1196 3532 1279 3581 Dr.
1312 3531 1479 3580 Paulus
1504 3535 1555 3580 in
1579 3550 1712 3598 opere
1733 3535 1843 3582 Das
1872 3532 2028 3581 Leben
2054 3533 2177 3583 Jesn
2191 3572 2209 3598 ‚

1199 3632 1278 3663 seu
1300 3651 1313 3673 ‚
1339 3612 1461 3661 Vita
1477 3613 1600 3661 Jesn
1619 3613 1805 3662 Christi
1821 3653 1834 3675 ‚
1852 3614 1936 3662 lib.
1958 3633 1976 3662 1
1990 3652 2003 3675 ,
2021 3633 2070 3680 p.
2092 3632 2210 3683 217,

1201 3695 1399 3744 similem
1417 3696 1544 3743 illius
1564 3699 1847 3745 *sententiam
1875 3697 2106 3761 professus
2125 3709 2211 3748 est.

1203 3776 1303 3826 Cfr.
1326 3776 1577 3826 Maidonat.
1608 3780 1658 3825 in
1685 3795 1788 3843 cap.
1818 3774 1851 3824 8
1878 3775 1928 3826 S.
1958 3777 2178 3829 Matthaei.

1938 3870 1974 3928 4
