2580 4152
350 260 427 318 62
1001 282 1197 321 rnAcr.
1240 284 1310 319 nn
1353 284 1460 321 nno
1503 285 1821 324 caenon.

345 423 611 484 stitiones
650 420 949 484 alerentur
986 444 1052 483 ac
1090 424 1324 500 insani7
1361 428 1711 509 turpissimis
1744 430 2094 514 nefariisque
2124 432 2476 496 facinoribus

347 541 487 579 ansa
527 531 587 579 et
618 520 836 579 occasio
873 517 1254 600 praeberetur.
1306 520 1371 579 30
1396 523 1742 584 Innumeras
1767 548 1952 609 prope
1977 528 2319 589 innocentes
2350 532 2475 592 vic-

346 616 517 674 timas
556 615 777 674 ferrum
805 625 906 673 aut
932 636 1103 695 rogus
1129 615 1345 698 ubique
1382 617 1502 678 fere
1527 618 1792 680 locorum
1819 622 1892 680 ad
1930 623 2099 705 plura
2127 625 2335 685 saecula
2367 625 2477 686 ab·

346 711 597 793 sumpsit
627 709 748 791 (1);
786 709 852 767 40
881 731 1011 792 quae
1034 710 1275 792 quidem
1306 712 1459 772 mala
1494 713 1738 775 ulterius
1776 713 2007 799 prolata*
2040 719 2283 781 fuissent
2304 768 2319 795 7
2362 723 2477 783 nisi

344 805 747 888 philosophica
789 803 890 863 lux
927 805 1270 883 affulsisset7
1308 830 1439 890 quae
1478 810 1735 874 demum,
1761 835 2009 893 regnum
2045 815 2191 876 illud
2228 816 2477 877 diaboli-

345 922 510 975 cum7
542 904 702 978 cujus
738 900 987 960 formam
1019 901 1443 986 historiamque
1469 926 1672 965 omnes
1695 906 1815 967 fere
1841 921 2043 989 gentes
2078 910 2187 971 sibi
2219 914 2477 975 invicem

345 996 923 1056 communicaverant
943 1042 958 1072 7
1003 996 1293 1059 destruxit
1315 1046 1330 1075 7
1369 1022 1433 1059 ac
1471 1000 1536 1058 50
1568 1005 1863 1065 revocavit
1892 1005 1967 1064 ad
1999 1007 2323 1088 quamdam.
2356 1031 2477 1069 ma-

343 1092 536 1152 lorum
590 1104 649 1152 et
699 1092 1075 1174 physicorum
1125 1107 1184 1154 et
1230 1097 1542 1158 moralium
1597 1103 1928 1181 congeriem
1961 1147 1976 1176 7
2028 1102 2237 1184 quibus
2286 1105 2475 1166 virtus

344 1201 545 1248 nostra
593 1189 751 1249 varie
800 1200 1067 1249 tentatur
1105 1202 1281 1273 atque
1318 1206 1656 1271 exercetur7
1701 1198 1766 1254 60
1804 1199 2150 1280 monuitque
2184 1245 2199 1274 7
2241 1211 2307 1259 ut
2343 1200 2478 1282 qui-

344 1286 432 1347 vis
476 1284 840 1345 Christianus
887 1307 1009 1345 non
1059 1286 1282 1347 malum
1329 1290 1566 1369 genium
1602 1301 1766 1351 extra
1816 1313 1877 1351 se
1923 1294 2182 1374 positum
2218 1306 2474 1377 quaerat,

343 1380 447 1440 sed
471 1381 533 1439 in
558 1402 662 1440 suo
687 1381 884 1440 animo
904 1425 921 1457 7
948 1382 1011 1442 id
1041 1384 1252 1459 est7'in
1274 1385 1391 1443 suis
1429 1386 1623 1467 pravis
1648 1387 2062 1470 cupiditatibus
2083 1436 2099 1465 7
2140 1413 2270 1476 quae
2301 1402 2476 1451 rectae

341 1476 583 1535 rationis
610 1477 857 1560 imperio
900 1500 1022 1538 non
1055 1478 1495 1563 obtemperent,
1530 1481 1700 1542 illum
1744 1505 2056 1564 agnoscere
2094 1485 2255 1546 haud
2299 1485 2476 1547 dubi-—

346 1583 455 1632 tet.
494 1574 663 1654 Ergo.

430 1669 563 1728 128.
610 1671 784 1751 Resp.
821 1667 897 1727 ad
932 1670 1038 1745 1¹³7
1063 1672 1222 1730 Disc.
1258 1671 1327 1730 Id
1367 1683 1498 1745 est,
1538 1672 1837 1752 objectum
1874 1697 2080 1737 verum
2121 1689 2223 1736 aut
2264 1676 2475 1738 saitem

342 1776 409 1824 ut
437 1765 553 1824 tale
580 1764 1016 1847 apprehensum
1039 1787 1139 1826 seu
1167 1767 1306 1827 reali
1326 1769 1686 1850 aequivalens
1703 1814 1723 1842 ,
1753 1791 1945 1844 comm,
1974 1793 2181 1832 verum
2199 1784 2432 1834 tantum
2454 1819 2470 1847 7

341 1884 473 1941 neq.
508 1861 814 1920 Interdum
844 1862 1004 1921 enim
1024 1908 1039 1937 7
1073 1874 1140 1921 ut
1164 1864 1570 1945 experimento
1598 1877 1853 1943 constat,
1883 1889 2140 1928 erroneae
2167 1870 2473 1950 opiniones

340 1957 652 2015 innumera
688 1979 929 2039 prorsus
963 1957 1118 2016 mala
1159 1960 1398 2040 pariunt
1442 1983 1607 2043 aeque
1662 1984 1728 2021 ac
1765 1984 1916 2023 verae
1972 1975 2032 2023 et
2077 1963 2281 2025 reales,
2319 1967 2475 2039 Quot

339 2052 496 2111 mala
522 2074 644 2111 non
670 2054 905 2135 peperit
923 2053 1439 2136 Anabaptistarum
1458 2078 1548 2116 ex.
1582 2081 1667 2137 gr.
1690 2105 1705 2134 7
1740 2059 2293 2119 Antinomianorum
2322 2060 2472 2120 alia-

339 2170 590 2230 rumque
638 2160 928 2208 sectarum
987 2150 1331 2210 fanatismus
1366 2198 1383 2227 7
1442 2164 1757 2236 conceptus
1816 2156 1939 2214 sive
1987 2176 2059 2214 ex
2116 2167 2475 2238 praepostera

341 2246 777 2327 scripturarum
817 2246 1327 2327 interpretatione7
1372 2248 1493 2308 sive
1524 2271 1594 2309 ex
1623 2249 2002 2331 apprehensis
2045 2250 2201 2309 falsis
2239 2250 2470 2312 revela-

338 2340 598 2401 tionibus
633 2353 734 2400 aut
761 2342 1242 2424 inspirationibus
1266 2342 1298 2402 ‘f
1328 2346 1513 2403 Nemo
1553 2357 1675 2419 est7
1708 2347 1808 2428 qui
1841 2345 2109 2405 laudibus
2145 2369 2268 2405 non
2306 2367 2469 2405 com-

337 2436 584 2497 mendet
605 2435 758 2517 leges
782 2436 946 2495 datas
977 2437 1050 2496 ad
1076 2439 1362 2516 ejusmodi
1399 2441 1754 2522 perniciosos
1783 2442 2063 2502 fanaticos
2093 2441 2462 2501 coercendos,

340 2535 490 2594 Cum
514 2534 689 2613 igitur
715 2533 920 2593 eadem
948 2547 1255 2594 occurrant
1270 2537 1333 2594 in
1358 2557 1491 2595 casu
1514 2549 1714 2597 nostro
1736 2584 1750 2613 7
1762 2542 1894 2617 jure
1923 2539 2215 2618 arguimus
2243 2539 2469 2619 sapien-

337 2640 430 2689 ter
465 2630 810 2689 constitutas
840 2629 994 2710 leges
1031 2631 1206 2690 fuisse
1240 2631 1317 2690 ad
1341 2632 1594 2692 facinora
1616 2679 1631 2708 7
1678 2654 1804 2716 quae
1841 2634 2052 2694 exinde
2088 2633 2428 2694 oriebantur
2448 2677 2464 2706 7

408 2864 472 2927 (l)
506 2863 556 2912 Si
607 2864 724 2914 fides
762 2865 961 2914 habetur
1003 2864 1263 2915 Moshemio
1306 2869 1358 2916 in
1442 2885 1531 2916 mae
1553 2905 1568 2928 7
1601 2870 1827 2934 inquam,
1862 2879 1915 2917 ut
1945 2868 2155 2916 observat
2189 2865 2464 2932 Spedallieri

335 2945 476 2995 Hine.
501 2947 673 2995 scient.
702 2947 759 2994 in
791 2947 970 2995 Marcu
999 2947 1324 3014 Brandeburq
1343 2986 1356 3007 ‚
1442 2953 1494 2998 iu
1526 2967 1609 2998 sua
1641 2949 1851 2998 Analisi
1874 2948 1987 2998 delz'
2010 2967 2165 2998 esame
2194 2951 2363 2999 critico
2388 2948 2466 2998 del

335 3046 441 3094 pag.
462 3025 568 3092 436
587 3066 601 3088 ‚
632 3031 682 3077 in
711 3029 809 3076 solo
841 3030 1090 3078 electoratu
1120 3023 1359 3080 trevirensi
1441 3033 1535 3096 ⁸²⁰9·
1570 3031 1688 3080 Nic.
1737 3033 1936 3093 Freret,
1981 3050 2087 3097 cap.
2140 3048 2224 3092 ιο,
2265 3043 2352 3080 art.
2392 3049 2427 3099 9
2446 3069 2461 3093 ‚

336 3113 500 3175 paucis
521 3114 655 3160 annis
680 3114 880 3160 accusati
903 3113 1121 3161 maleficae
1148 3116 1361 3177 supersti—
1443 3111 1470 3179 S
1501 3110 1558 3172 5,
1599 3131 1659 3163 ne
1688 3132 1819 3162 unus·
1840 3115 2032 3180 quidem
2053 3125 2197 3162 morte
2218 3116 2463 3163 mulctatus

335 3195 474 3242 tionis
505 3205 549 3243 et
590 3194 795 3242 mulctati
822 3205 938 3243 sunt
961 3192 1098 3244 6500
1134 3196 1361 3244 homines.
1446 3205 1513 3244 est
1559 3195 1623 3245 ob
1661 3196 1895 3262 ejusmodi
1938 3196 2116 3245 delicta.
2154 3198 2223 3244 In
2262 3201 2460 3257 Roma,

298 3316 301 3319 .
346 3273 519 3325 Christ.
562 3275 837 3325 Thomasius
872 3279 922 3326 in
964 3295 1100 3342 opere
1139 3275 1218 3326 Dev
1263 3279 1362 3327 cri-
1443 3280 1596 3345 inquit
1615 3316 1628 3338 ,
1658 3295 1757 3327 non
1784 3280 1832 3327 εἰ
1862 3280 1886 3325 ὲ
1914 3280 2019 3326 mai
2043 3279 2261 3328 bruciaco
2291 3279 2464 3328 alcano

270 3378 276 3386 ¹
335 3360 471 3407 mine
500 3361 675 3424 παρίω
690 3395 707 3421 ,
745 3358 772 3426 §
806 3375 835 3407 α
855 3393 875 3417 7
906 3357 939 3408 6
957 3397 970 3420 7
1004 3357 1071 3423 46
1090 3398 1103 3420 ‚
1141 3358 1205 3427 47
1229 3398 1243 3422 ,
1286 3361 1359 3409 fa·
1434 3378 1526 3426 per
1554 3376 1731 3410 accusa
1760 3361 1816 3408 di
1852 3363 2145 3426 streqoneria
2163 3399 2176 3422 7
2209 3379 2338 3410 come
2365 3362 2463 3427 pica

338 3452 460 3491 tetur
483 3442 621 3508 longe
656 3445 997 3491 communiores
1032 3429 1176 3492 fuisse
1218 3458 1359 3508 penes
1441 3442 1559 3492 volte
1600 3444 1625 3490 ὲ
1665 3442 1895 3492 §cendato
1930 3446 1985 3491 in
2034 3445 2283 3507 Francia3
2335 3444 2462 3509 quod

338 3523 645 3575 protestantes
688 3542 926 3590 processus
964 3525 1183 3576 adversus
1225 3542 1358 3591 sagas
1441 3527 1887 3593 confirmatBergier
1908 3564 1922 3587 ‚
1941 3525 2228 3577 Dictdheol.
2263 3537 2348 3575 art.
2377 3526 2464 3573 In-

341 3608 593 3658 confectos·.
625 3606 846 3657 Attamen·
865 3608 1023 3657 Romae
1041 3646 1054 3669 ‚
1074 3611 1125 3657 in
1151 3609 1240 3658 hoe
1268 3612 1360 3658 sci·
1440 3610 1705 3674 qwisiu‘m,
1733 3608 1952 3676 inquiens
1988 3609 2088 3659 l'on
2118 3608 2236 3658 n'en
2266 3610 2466 3657 comum

341 3689 449 3739 lieet
470 3727 484 3750 ‚
522 3701 573 3740 ut
592 3693 690 3758 ipsi
727 3690 893 3740 dicunt
911 3726 926 3752 ‚
959 3693 1297 3758 superstitionis
1317 3702 1361 3742 et
1441 3709 1604 3741 aucun
1637 3691 1845 3758 exemplo
1871 3694 1902 3741 ὰ
1934 3693 2116 3753 Rome,
2137 3692 2313 3741 scilieet
2343 3693 2464 3758 capi-

343 3771 634 3823 crudelitatis
661 3775 946 3841 amplissimo
967 3774 1207 3824 domicilio
1225 3812 1242 3840 ,
1271 3775 1359 3825 Ro·
1441 3775 1544 3826 talis
1568 3794 1710 3843 poenae
1743 3776 1960 3826 adversus
1990 3775 2270 3844 hujusmodi
2291 3791 2410 3824 reos.
