2580 4152
378 269 453 329 63
1028 296 1238 335 TRACT.
1287 299 1355 336 mi
1399 301 1503 337 mio
1548 302 1860 339 anAronE.

377 435 474 496 vel
518 436 774 519 denique
826 459 931 519 per
966 439 1348 498 dualz‘smum
1378 441 1485 522 (l).
1530 445 1899 505 Recentiores
1937 457 2136 505 autem
2183 468 2304 504 non
2347 450 2516 530 pauci

376 532 715 614 philosophi
744 543 847 591 aut
874 543 1144 592 veterum
1175 547 1509 596 commenta
1546 538 1731 599 veluti
1763 562 1795 599 e
1821 562 1960 620 rogo
1998 563 2063 600 ac
2089 542 2380 602 cineribus
2409 543 2515 603 ex—

374 632 630 688 citarunt
649 674 664 702 7
694 638 794 685 aut
821 627 1185 707 gravioribus
1216 630 1509 691 erroribus
1542 634 1750 693 mundi
1778 635 2061 715 originem
2084 642 2323 719 ejusque
2360 639 2514 697 exis-

373 725 625 783 tentiam
652 724 1004 782 infecerunt.
1047 723 1159 784 Alii
1197 728 1358 785 enim
1397 749 1643 810 corpora
1686 751 1758 788 ex
1795 720 2274 792 mundsnotione
2294 738 2507 811 rejece-

371 833 517 879 runt
537 866 552 894 7
582 819 731 878 solas
767 818 1124 880 substantias
1155 822 1487 903 spirituales
1520 835 1845 884 statuentes
1864 872 1879 900 7
1918 838 1984 885 ut
2019 830 2344 896 idealistoe,·
2373 829 2468 887 alii
2493 874 2508 903 7

373 919 788 975 materzmalzstoe
822 918 1185 999 nuncupati7
1225 917 1470 978 exclusis
1499 920 1897 1001 spiritualibus
1938 922 2312 999 substantiis
2346 947 2513 984 mun-

372 1014 517 1072 dum
546 1013 681 1072 solis
707 1012 1047 1096 corporibus
1074 1025 1342 1075 constare
1377 1015 1776 1089 arbitranturt,
1809 1016 1907 1075 alii
1937 1039 2005 1076 eo
2035 1018 2342 1080 dementiae
2372 1043 2503 1102 pro-

368 1111 546 1190 gressi
583 1121 762 1183 sunt7
808 1122 875 1168 ut
909 1121 1119 1191 praeter
1164 1112 1425 1170 animam
1464 1134 1637 1172 suam
1682 1113 1879 1171 omnia
1921 1134 1951 1172 e
1987 1113 2210 1172 mundo
2257 1115 2504 1190 tollant7

367 1210 597 1287 eqoistoe
629 1207 932 1264 theoretici
961 1205 1240 1287 appellati
1276 1207 1388 1287 (2).
1428 1209 1673 1266 Kantius
1697 1209 1925 1288 7posita
1955 1208 2330 1269 distinctione
2355 1211 2510 1270 inter

368 1304 675 1360 naumann
701 1313 760 1360 et
779 1302 1183 1381 phaenomena
1197 1346 1221 1374 ,
1248 1324 1349 1361 seu
1372 1303 1529 1362 inter
1557 1302 1780 1381 objecta
1803 1303 2189 1384 intelligibilia
2217 1307 2340 1365 sive
2375 1305 2507 1364 sub-

357 1399 576 1477 jectiva
598 1444 614 1470 7
651 1409 711 1457 et
734 1399 1078 1479 apparentia
1108 1385 1232 1458 sive
1260 1409 1503 1458 externa
1524 1445 1538 1472 7
1573 1400 1779 1457 statuit
1818 1400 2125 1459 notionem
2160 1401 2370 1460 mundi
2405 1424 2507 1461 seu

366 1498 546 1552 totius
562 1495 823 1553 absoluti
845 1514 968 1553 esse
986 1515 1214 1553 meram
1239 1496 1443 1552 ideam
1460 1500 1722 1554 rationis
1734 1517 1919 1574 parce
1943 1495 2094 1554 ultra
2115 1497 2505 1578 phaenomena
2548 1488 2551 1492 ’

365 1590 608 1648 nitentis
633 1635 647 1663 7
680 1601 739 1648 et
771 1589 846 1648 ad
867 1592 1212 1649 ahsolutum
1242 1601 1452 1649 natura
1482 1613 1582 1649 sua
1621 1591 1924 1650 tendentis
1948 1635 1962 1664 7
1994 1596 2155 1669 cujus
2192 1593 2505 1653 existentia

363 1685 605 1768 probari
639 1707 761 1743 non
805 1696 1036 1767 potest7
1076 1696 1137 1744 et
1177 1686 1226 1743 si
1258 1687 1387 1767 quis
1428 1707 1560 1744 eam
1588 1684 1841 1767 probare
1877 1685 2129 1745 voluerit
2161 1733 2176 1761 7
2216 1688 2506 1748 rationem

363 1803 576 1863 puram
606 1785 967 1840 antinomiis
995 1802 1098 1840 seu
1139 1781 1542 1863 repugnantiis
1574 1781 1994 1864 implicandam
2032 1782 2155 1842 fore
2183 1828 2198 1857 7
2225 1805 2293 1842 eo
2335 1783 2494 1866 quod

364 1877 438 1936 de
471 1876 696 1936 mundo
733 1877 972 1935 nonnisi
1015 1888 1307 1958 quatenus
1358 1879 1671 1957 complexu
1714 1878 2258 1957 phoenonlenorum
2293 1901 2503 1939 sensus

360 1979 597 2032 externi
614 1973 797 2055 possit
827 1983 987 2031 certo
1021 1972 1259 2032 decerni
1298 1994 1330 2031 e
1354 1973 1656 2055 principiis
1684 1973 1927 2032 rationis
1952 1973 2284 2033 theoreticae
2302 1973 2413 2056 (3).

447 2068 584 2126 139.
635 2070 754 2127 Nos
779 2069 979 2149 itaque
1006 2069 1233 2126 mundi
1256 2069 1499 2126 nomine
1526 2068 1907 2149 intelligimus
1941 2070 2150 2129 seriem
2179 2092 2361 2129 unam
2390 2069 2501 2130 ah·-

361 2162 614 2224 solutam
648 2164 878 2224 entium
900 2164 1230 2239 finitorum7
1262 2164 1731 2244 contingentium
1753 2211 1774 2241 7
1796 2164 2173 2224 mutabilium
2196 2178 2255 2224 et
2268 2167 2423 2225 inter
2438 2189 2500 2226 se

360 2280 761 2319 connexorum
800 2305 816 2334 7
855 2280 958 2319 seu
1011 2281 1213 2319 rerum
1255 2259 1522 2318 omnium
1575 2260 2022 2320 universitatem
2050 2305 2072 2333 ,
2109 2280 2498 2343 quaecumque

357 2367 573 2434 praeter
603 2357 795 2415 Deum
825 2366 964 2414 sunt
986 2401 1002 2431 7
1039 2356 1161 2418 sive
1198 2356 1471 2414 animatae
1501 2355 1622 2414 sint
1652 2402 1667 2431 7
1698 2356 1823 2416 sive
1855 2356 2193 2415 inanimatae
2213 2402 2229 2431 7
2260 2357 2384 2417 sive
2416 2357 2503 2416 in-

357 2450 711 2531 telligentes,
760 2452 910 2510 Cum
943 2472 1085 2512 vero
1118 2450 1193 2511 de
1232 2450 1636 2531 intelligentiis
1674 2453 1836 2532 puris
1883 2453 2021 2511 satis
2059 2452 2502 2512 disseruerimus

357 2547 421 2604 in
449 2547 734 2629 superiori
758 2556 1040 2606 tractatus
1061 2557 1231 2629 parte
1252 2592 1267 2622 7
1295 2545 1399 2606 ubi
1422 2568 1615 2606 sermo
1633 2547 1744 2606 fuit
1765 2547 1837 2607 de
1867 2547 2099 2628 Angelis
2116 2594 2132 2624 7
2161 2547 2236 2608 de
2259 2548 2501 2608 homine

361 2654 561 2705 autem
599 2644 784 2703 acturi
816 2642 997 2702 simus
1026 2643 1091 2701 in
1125 2653 1296 2725 parte
1329 2643 1539 2719 tertia7
1577 2643 1673 2702 hic
1709 2643 2002 2703 mundum
2035 2642 2496 2726 adspectabilem

431 2894 495 2956 (1)
536 2892 661 2941 ibid.
693 2911 747 2942 n.
784 2891 879 2942 138
907 2903 952 2940 et
979 2911 1113 2959 seqq.
1474 2893 1777 2958 philosophiae
1801 2902 1898 2952 est,
1923 2908 2027 2958 quae
2057 2892 2195 2956 vulgo
2218 2892 2496 2957 cosmologia

430 2975 492 3039 (2)
515 2974 773 3037 Cfr.1mre,
794 2975 1134 3041 Philosophia,
1151 2991 1236 3023 seu
1248 2973 1391 3023 Ami·
1475 2984 1778 3039 nuncupatur
1795 3011 1808 3033 7
1849 2991 1908 3022 ne
1940 2974 2134 3039 quidem
2170 2975 2374 3022 scientiae
2408 2991 2497 3023 no-

356 3073 469 3105 oum
486 3056 646 3121 soedus
673 3058 881 3106 rationis
915 3074 1028 3105 enm
1054 3058 1384 3122 experientia,
1472 3059 1600 3105 mine
1644 3057 1910 3120 dignentur.
1957 3054 2078 3104 A'nte
2127 3055 2350 3103 Kantium
2395 3057 2498 3106 haec

356 3150 476 3204 part.
508 3157 593 3202 111,
621 3157 727 3206 cap.
772 3157 788 3187 1
812 3178 826 3200 7
857 3137 889 3206 §
922 3139 951 3187 3
970 3177 985 3200 7
1020 3139 1195 3188 Pestini
1239 3136 1387 3206 1827.
1475 3138 1640 3186 divisio
1668 3137 1789 3186 inter
1807 3137 2131 3203 phaenomena
2151 3149 2195 3186 et
2212 3154 2456 3186 noumena
2475 3173 2492 3200 ,

427 3222 495 3287 (3)
534 3222 605 3270 lb.
638 3222 709 3269 Ex
746 3222 832 3270 hac
866 3222 1043 3271 theoria
1074 3222 1251 3270 factum
1293 3232 1390 3282 est,
1478 3236 1583 3285 quae
1605 3219 1869 3267 introducta
1890 3229 1959 3268 est
1982 3221 2040 3268 ad
2059 3219 2366 3268 idealismum
2380 3237 2495 3270 con-

360 3316 413 3354 ut
431 3305 652 3353 Kantiani
669 3304 814 3352 solam
840 3304 1210 3370 metaphysicam
1228 3304 1396 3352 mundi
1481 3302 1808 3351 stabiliendum
1838 3339 1852 3364 7
1894 3302 1983 3349 suit
2030 3320 2214 3366 prorsus
2260 3303 2490 3352 inaudita.

358 3386 593 3436 sensibilis
633 3396 911 3451 pertractent
931 3425 942 3445 7
981 3386 1069 3434 sub
1101 3386 1234 3434 titulo
1253 3385 1378 3452 phi·
1462 3384 1621 3433 Critici
1651 3384 1870 3433 Kantiani
1905 3387 2159 3432 universim
2203 3395 2403 3450 quatuor
2434 3385 2492 3433 de

355 3469 584 3535 Iosophioe
615 3477 807 3517 naturoe
836 3479 916 3518 aut
938 3466 1257 3533 somatoloqiae
1287 3485 1380 3516 me·
1464 3467 1643 3516 mundo
1675 3468 1975 3514 antinomias
1996 3468 2186 3515 totidem
2217 3466 2427 3514 thesibus
2446 3476 2491 3515 et

359 3551 651 3618 taphysioae3
681 3568 782 3599 eam
816 3567 924 3600 vero
945 3589 958 3612 7
983 3569 1087 3617 quae
1117 3551 1176 3599 de
1201 3551 1381 3599 mundo
1465 3548 1785 3597 antithesibus
1831 3566 2063 3613 expressas
2114 3558 2298 3613 ponunt
2318 3584 2330 3607 ‚
2380 3566 2492 3614 quas

358 3643 701 3700 quatenustoto
721 3632 933 3681 absoluto
949 3644 992 3682 et
1020 3633 1266 3699 complexu
1287 3651 1384 3681 non
1468 3634 1668 3697 quisque
1698 3631 1897 3680 recolere
1925 3640 2071 3695 potest
2096 3630 2220 3695 apud
2256 3629 2487 3695 Galuppi7

357 3725 455 3764 tam
493 3718 909 3782 phaenomenorum
948 3715 1029 3764 sed
1058 3727 1102 3765 et
1128 3733 1384 3764 noumeno-
1469 3715 1654 3763 Lettere
1696 3713 1952 3778 filosofiche
1983 3751 1997 3775 7
2057 3713 2282 3762 Messina
2323 3711 2447 3779 1827
2473 3749 2487 3773 7

358 3814 462 3845 rum
482 3802 697 3848 omnium
716 3809 894 3865 ageret,
923 3797 1190 3863 cujusmodi
1210 3817 1263 3848 ea
1282 3815 1385 3863 pars
1470 3798 1570 3848 lett.
1606 3813 1675 3846 ΧΠ
1693 3835 1706 3860 ,
1735 3815 1834 3863 pag.
1866 3813 1963 3863 270
1996 3806 2041 3847 et
2068 3812 2201 3862 seqq.
