2580 4152
318 232 394 290 56

985 258 1183 296 TRACT.
1233 259 1301 294 DE
1344 260 1447 297 DEO
1491 261 1797 300 CREATORE.

1128 428 1539 484 PROPOSITIO
1577 432 1647 484 ΙΙ.

400 567 556 626 Jure
589 573 801 627 merito
831 570 978 648 leqes
1006 574 1257 627 sancitae
1298 583 1445 630 sunt
1463 574 1750 633 adversus
1785 580 2194 655 superstitiosa
2229 596 2371 636 cum

1055 665 1320 725 daemone
1342 674 1721 728 commercia.

406 853 545 911 121.
579 851 863 911 Nonnulli
887 853 1044 930 inter
1059 854 1213 936 ipsos
1242 855 1567 915 Catholicos
1586 857 2044 934 contenderunt7
2072 862 2312 919 omnino
2331 882 2453 919 non

320 948 445 1008 dari
468 947 638 1007 realis
666 950 867 1030 magiae
910 951 1287 1010 existentiam
1314 950 1542 1034 aliaque
1583 954 1979 1034 superstitiosa
2024 975 2158 1014 cum
2185 955 2454 1015 daemone

321 1045 666 1103 commercia
687 1091 702 1120 7
739 1067 827 1105 ex.
857 1068 943 1126 gr.
981 1046 1406 1123 divinationes3
1443 1047 1732 1129 sortilegia
1753 1094 1768 1123 7
1808 1051 2232 1110 incantationes
2251 1097 2266 1125 a
2296 1050 2455 1132 phil-

322 1151 413 1198 tra
434 1186 449 1214 a
481 1140 712 1223 aliaque
745 1142 1029 1219 ejusmodi
1050 1190 1064 1218 7
1093 1165 1224 1225 quae
1243 1143 1366 1203 fuse
1395 1165 1459 1203 ac
1485 1143 1603 1203 late
1634 1156 2090 1226 persequuntur7
2116 1146 2218 1227 qui
2243 1144 2315 1205 de
2343 1145 2457 1205 dae-

318 1235 651 1315 monologia
686 1248 1125 1318 pertractarunt
1154 1240 1279 1318 (l);
1316 1238 1413 1298 alii
1447 1240 1604 1298 inter
1633 1240 1868 1299 eosdem
1893 1240 2217 1301 Catholicos
2246 1240 2457 1301 saltem

319 1331 383 1389 in
412 1330 662 1391 dubium
700 1331 824 1391 haec
861 1335 1263 1416 superstitiosa
1309 1335 1655 1394 commercia
1691 1347 2067 1395 revocarunt.
2096 1338 2178 1395 Ex
2209 1337 2456 1395 istorum

321 1429 654 1502 sententia,
715 1429 807 1487 cui
843 1429 1130 1488 increduli
1171 1443 1540 1490 accesserunt
1567 1475 1587 1502 ‚
1632 1452 2017 1513 quaecumque
2059 1431 2131 1490 de
2172 1431 2456 1514 supersti-

321 1522 484 1581 tiosis
507 1524 794 1601 ejusmodi
829 1526 1189 1584 commerciis
1234 1525 1512 1585 dicuntur
1536 1572 1550 1597 a
1583 1528 1771 1608 repeti
1820 1525 2040 1586 debent
2077 1527 2171 1587 vel
2195 1526 2268 1585 ab
2296 1528 2456 1607 igno-

321 1618 515 1676 rantia
546 1640 748 1698 rerum
779 1620 1157 1702 physicarum
1180 1666 1196 1695 ,
1237 1621 1332 1681 vel
1368 1644 1440 1681 ex
1471 1622 1934 1680 facinorosorum
1970 1621 2280 1680 hominum
2309 1643 2456 1704 quo—

321 1712 600 1773 rumdam
651 1716 880 1776 vafritie
943 1715 1041 1776 vel
1094 1716 1418 1798 phantasiae
1457 1709 1712 1775 ludibrio
1749 1761 1765 1791 a
1817 1717 2149 1798 praesertim
2199 1738 2328 1799 quae
2382 1717 2458 1777 de

324 1830 634 1891 congressu
658 1834 793 1872 cum
817 1812 1082 1872 daemone
1103 1860 1118 1888 7
1155 1813 1227 1872 de
1254 1814 1403 1893 sagis
1448 1825 1507 1873 et
1529 1812 1717 1872 lamiis
1740 1812 1915 1893 vulgo
1944 1814 2454 1888 circumferuntur,

323 1905 421 1966 vel
451 1906 692 1968 demum
732 1931 764 1968 a
804 1909 1060 1970 scelestis
1086 1909 1486 1992 quorumdam.
1519 1907 1823 1968 conatibus
1853 1908 1960 1989 (2)

317 2098 630 2166 philosophia
645 2139 659 2163 ,
678 2103 831 2167 inquit
848 2102 1221 2168 Eschenmayer‚
1241 2100 1355 2150 huic
1439 2119 1518 2150 seu
1538 2100 1799 2149 Helveticae
1815 2099 1998 2165 ephem.
2015 2100 2175 2151 eccles.
2196 2099 2227 2149 5
2243 2103 2456 2152 decemb.

327 2184 574 2230 sententioe
600 2183 657 2231 ole
689 2183 940 2231 molimine
965 2192 1008 2231 et
1035 2183 1354 2232 machinatio-

326 2265 478 2313 nibus
503 2267 766 2330 spirituum
788 2268 843 2314 in
875 2267 1054 2314 mundo
1074 2266 1287 2314 humano
1311 2274 1355 2314 et

327 2347 386 2395 de
418 2348 631 2413 efficacia
660 2350 897 2397 orationis
920 2357 964 2397 et
979 2349 1102 2413 fidei
1123 2348 1355 2397 adversus

328 2446 405 2478 eos
418 2433 638 2495 propitia
667 2448 767 2479 non
796 2441 897 2493 εει,-
928 2441 973 2479 et
1003 2432 1091 2479 sub
1111 2439 1354 2497 proeteoetu

327 2512 455 2576 quod
476 2512 765 2562 obsessiones
782 2515 1102 2572 cessaverint,
1130 2522 1174 2562 et
1191 2514 1356 2562 debeat

330 2595 502 2643 modus
527 2598 717 2662 imponi
744 2597 978 2645 abusibus
995 2634 1008 2657 ‚
1039 2596 1161 2645 tollit
1177 2597 1353 2645 bonum

329 2694 493 2727 usum.
541 2678 722 2727 Deinde
776 2682 924 2744 pergit
972 2682 1253 2746 argumentis
1297 2695 1354 2726 ex

332 2764 497 2809 intima
517 2761 808 2826 philosophia
837 2765 989 2827 petitis
1017 2762 1256 2811 ostendere
1274 2780 1353 2811 ea-

331 2843 546 2891 rumdem
593 2844 913 2893 obsessionum
947 2847 1187 2894 veritatem
1207 2883 1219 2905 ‚
1250 2863 1353 2894 om-

334 2942 511 2990 nesque
527 2925 699 2991 disjicit
714 2926 1007 2975 difficultates
1027 2965 1039 2987 ‚
1063 2945 1179 2993 quas
1209 2944 1354 2992 oppo-

332 3017 454 3055 nunt
467 3007 711 3056 adversarii
725 3025 784 3056 ex
795 3009 896 3057 idea
912 3010 1022 3068 fixa,
1037 3009 1350 3069 simulatione,

331 3105 581 3138 nervorum
620 3091 850 3138 anomalia
896 3101 986 3139 etc.
1013 3095 1228 3140 acumine
1248 3092 1354 3157 phi-

331 3170 597 3237 losophico·
626 3173 894 3221 christiano.
952 3173 1093 3222 Aliud
1140 3185 1357 3239 praeterea

334 3255 612 3320 opusculum
641 3258 691 3303 in
721 3255 875 3304 lucem
914 3255 1133 3304 emissum
1168 3266 1236 3305 est
1270 3257 1358 3305 hoc

333 3342 435 3404 ipso
452 3356 575 3386 anno
595 3334 766 3402 (1835)
782 3375 799 3400 ,
818 3340 894 3386 cui
910 3339 1087 3386 titulus.
1118 3356 1131 3386 ε
1163 3325 1357 3403 Lapsus

334 3429 379 3468 et
396 3420 656 3486 redemptio
674 3454 690 3484 ‚
715 3437 800 3469 seu
815 3437 957 3486 opera
974 3429 1158 3468 satanoe
1181 3429 1225 3468 et
1252 3420 1306 3468 E
1306 3438 1356 3469 o·

335 3486 494 3551 clesioe
513 3511 725 3569 potestas
746 3519 759 3564 3
793 3506 844 3551 in
869 3522 962 3569 quo
984 3504 1137 3552 thema
1162 3503 1357 3552 Kerneri

337 3597 381 3634 et
418 3586 775 3652 Eschenmayeri
792 3587 848 3634 ad
872 3603 1059 3634 sensum
1072 3586 1351 3634 catholicum

337 3669 563 3717 evolvitur
579 3670 859 3733 argumentis
876 3669 1131 3733 theologico
1145 3696 1157 3704 ·
1171 3669 1352 3734 dogma·

326 3750 438 3798 ficis
455 3767 470 3815 ;
487 3752 576 3800 cfr.
590 3749 633 3802 S
634 3749 994 3799 chweizerische
1006 3747 1053 3797 Z
1056 3751 1242 3815 eitunq‚
1262 3761 1353 3800 etc.

1448 2182 1574 2232 1835
1596 2220 1613 2245 ,
1644 2200 1750 2249 pag.
1781 2181 1902 2250 859.

1508 2267 1575 2329 (1)
1613 2266 1827 2314 Diversas
1844 2268 2011 2331 magiae
2033 2268 2204 2330 species
2218 2275 2461 2313 enumerat

1437 2352 1556 2399 inter
1587 2350 1699 2398 alios
1728 2350 1940 2414 Bergier,
1974 2351 2113 2397 Dict.
2156 2348 2325 2397 Theol.
2370 2358 2457 2398 art.

1440 2432 1633 2496 Illayie.
1673 2432 1815 2480 Plura
1843 2433 1902 2481 de
1934 2433 2006 2479 his
2028 2441 2241 2495 congesta
2264 2433 2459 2495 reperies

1437 2517 1488 2561 in
1516 2532 1651 2579 opere
1667 2512 1879 2562 Mallens
1895 2512 2216 2577 maleficorum
2231 2547 2247 2573 ‚
2272 2512 2459 2561 Hem-ici

1438 2597 1663 2644 Institoris
1692 2607 1733 2645 et
1762 2596 1863 2645 Jac.
1892 2594 2144 2661 Sprenger,
2174 2579 2288 2643 ord.
2309 2594 2457 2643 Praed.

1438 2678 1493 2726 In
1512 2679 1675 2727 eadem
1697 2680 1969 2727 collectione
1986 2680 2288 2726 continentur
2306 2677 2457 2741 plures

1438 2761 1639 2810 aliorum
1672 2771 1916 2810 auctorum
1956 2769 2177 2808 tractatus
2206 2759 2263 2806 de
2293 2759 2457 2806 eodem

1438 2856 1708 2912 argumento
1725 2881 1741 2906 ‚
1771 2845 1862 2894 vol.
1882 2844 1912 2892 3
1929 2881 1942 2905 ,
1966 2844 2087 2891 in-40
2102 2879 2114 2900 ,
2134 2841 2282 2907 Lugd.
2308 2838 2454 2908 1669·

1508 2929 1576 2991 (2)
1610 2927 1738 2976 Inter
1770 2936 1946 2976 ceteros
1974 2925 2061 2973 cfr.
2097 2923 2274 2972 March.
2302 2922 2455 2987 Scipio

1439 3009 1596 3058 Mass'ei
1611 3011 1661 3056 in
1673 3009 1855 3058 duobus
1867 3007 2304 3073 operibus,quorum
2317 3008 2458 3070 priori

1439 3092 1629 3140 titulum
1673 3091 1783 3139 fecit
1811 3090 1933 3138 Arte
1964 3090 2153 3153 mayica
2181 3087 2424 3153 dilequata
2441 3126 2455 3149 ‚

1440 3174 1634 3222 alterum
1681 3191 1787 3221 vero
1834 3174 2068 3237 inscripsit
2115 3170 2237 3218 Arte
2269 3172 2458 3236 niaqica

1441 3254 1747 3303 annichilata
1766 3290 1783 3315 ‚
1810 3255 1868 3302 de
1902 3272 1995 3321 quo
2030 3263 2220 3303 auctore
2251 3252 2458 3316 vid.tNi-

1440 3339 1588 3399 colai,
1615 3337 1720 3387 Soc.
1750 3337 1778 3385 J
1782 3355 1860 3386 esu
1881 3374 1894 3397 ,
1925 3335 2136 3385 Dissert.
2157 3354 2182 3384 e
2206 3335 2386 3384 lezioni
2405 3334 2462 3382 di

1441 3438 1579 3470 sacra
1605 3419 1880 3479 Sorittura‚
1915 3428 2034 3468 tom.
2076 3437 2190 3479 vm,
2228 3420 2316 3468 lez.
2356 3435 2453 3479 vu,

1441 3505 1513 3551 sul
1539 3503 1656 3551 libro
1682 3502 1944 3550 dell'Esodo
1963 3539 1975 3561 ‚
1997 3502 2189 3550 Firenze
2210 3498 2357 3564 1763.
2379 3498 2456 3547 Sic

1437 3585 1702 3644 Tar-tatoni,
1719 3583 1819 3631 Del
1834 3600 2084 3648 congresso
2100 3591 2326 3631 notturno
2342 3580 2458 3628 delle

1437 3667 1692 3729 Lammie,
1725 3666 1951 3715 Rovereto
1994 3664 2159 3733 17493
2192 3666 2273 3731 qui
2304 3674 2458 3712 tamen

1437 3769 1535 3800 non
1578 3750 1793 3801 videntur
1838 3752 2133 3815 impugnasse
2173 3749 2262 3796 nisi
2305 3753 2455 3794 artem
