2580 4152
434 158 554 217 416
1092 182 1289 219 TnAc'r.
1336 182 1404 217 nn
1448 182 1554 218 meo
1597 182 1910 220 anATonE.

516 320 656 379 917.
705 314 1128 383 Convocandos
1152 330 1349 378 autem
1381 318 1650 379 homines
1682 342 1805 381 esse
1841 344 1874 380 a
1909 334 2160 403 quatuor
2189 325 2382 385 ventis
2405 370 2420 400 7
2457 349 2557 387 seu

432 414 642 475 mundi
683 412 904 493 plagis7
947 424 1012 470 ut
1055 411 1318 472 Christus
1361 413 1593 496 inquit7
1635 437 1811 474 nemo
1853 416 2073 476 inficias
2114 417 2220 476 ibit
2247 464 2264 492 7
2308 419 2417 478 nisi
2459 422 2558 502 qui

433 511 575 571 velit
604 509 781 568 fidem
814 507 1046 566 Christo
1074 507 1396 569 detrectare
1417 555 1433 582 7
1473 521 1575 568 aut
1612 511 1713 591 qui
1749 522 1918 592 putet
1953 511 2219 572 homines
2257 535 2379 574 esse
2418 517 2558 574 toti-

433 607 568 664 dem
596 605 752 663 entia
781 603 1141 685 spiritualia3
1170 605 1216 662 si
1244 605 1403 664 enim
1427 605 1698 665 homines
1723 608 1974 688 propriis
1999 610 2337 689 corporibus
2371 610 2558 670 dona-

429 701 656 760 buntur
676 746 692 772 7
724 700 884 782 quod
913 700 1195 781 superiori
1223 702 1621 782 propositione
1646 702 2008 761 ostendimus
2028 749 2043 775 7
2079 703 2380 764 debebunt
2418 728 2558 787 pro-

429 797 580 856 fecto
606 796 832 856 moveri
862 795 936 854 de
960 794 1083 854 loco
1114 796 1178 853 in
1205 795 1397 854 locum
1421 841 1438 870 7
1462 809 1528 855 ut
1556 819 1752 856 coram
1769 797 2222 875 judiceChristo
2245 821 2304 858 se
2327 802 2552 862 sistant.

431 891 598 965 Quod
633 891 869 950 additur
894 891 969 950 de
999 892 1410 950 immutatione
1437 902 1562 951 tam
1592 893 1861 955 vivorum
1901 915 2078 974 quam
2115 892 2553 971 defunctorum7

427 988 579 1047 nihil
614 988 827 1047 dicitur
855 988 916 1046 in
942 986 1082 1046 locis
1116 987 1381 1047 adductis
1402 1033 1418 1063 7
1449 988 1554 1047 sed.
1589 988 1844 1071 Philipp.
1885 990 1964 1048 ΙΙΙ
1985 1035 2001 1063 7
2041 991 2156 1064 217
2190 1002 2425 1050 tantum
2458 1014 2561 1071 ge-

428 1084 681 1143 neratim
716 1083 928 1142 dicitur
964 1083 1037 1143 de
1065 1083 1295 1143 Christo
1317 1130 1332 1159 7
1364 1083 1529 1165 quod
1561 1088 1922 1163 reformabit
1947 1108 2166 1167 corpus
2191 1088 2558 1147 humilitatis

428 1192 644 1239 nostrae
659 1181 1145 1260 ,cowfiquratum
1175 1186 1418 1259 corpori
1442 1182 1746 1241 claritatis
1774 1204 1900 1241 suoe
1915 1225 1936 1253 ,
1962 1203 2070 1242 nec
2094 1182 2276 1241 ullam
2313 1184 2557 1242 mentio-

425 1298 565 1335 nem
584 1276 716 1335 facit
741 1276 864 1336 sive
892 1276 1165 1335 vivorum
1189 1278 1312 1336 sive
1338 1288 1729 1336 mortuorum.
1749 1277 1919 1351 Quod
1940 1279 1986 1336 si
2009 1277 2327 1338 electorum
2347 1290 2554 1361 corpus

427 1395 535 1454 per
569 1373 1057 1433 resurrectionem
1101 1371 1264 1431 dotes
1306 1371 1538 1452 gloriosi
1574 1375 1831 1455 corporis
1871 1374 2164 1455 acquiret7
2204 1373 2278 1432 de
2314 1379 2554 1455 corpore

426 1467 816 1549 reproborum
842 1469 1203 1526 contrarium
1231 1467 1475 1526 omnino
1500 1470 1705 1528 asserit
1729 1469 2042 1550 Apostolus
2063 1513 2080 1542 7
2104 1468 2302 1528 dicens
2323 1514 2339 1543 7
2365 1471 2388 1527 Ι
2415 1470 2551 1527 Cor.

427 1565 529 1622 XV
551 1609 568 1637 7
604 1563 678 1621 51
720 1586 733 1622 ε
783 1563 1002 1622 Omnes
1026 1563 1273 1641 quidem
1305 1584 1687 1644 resuryemus
1700 1606 1721 1635 ,
1753 1565 1856 1622 sed
1884 1585 2007 1622 non
2033 1585 2232 1622 omnes
2258 1567 2553 1622 immuta-

428 1663 662 1720 bimur.
698 1661 781 1719 Ex
810 1658 1021 1741 quibus
1063 1657 1255 1717 verbis
1284 1680 1406 1717 non
1434 1658 1624 1718 solum
1654 1659 1946 1719 mendacii
1971 1671 2030 1719 et
2066 1658 2332 1718 falsitatis
2363 1660 2555 1740 argui-

425 1768 523 1815 tur
553 1755 925 1815 ·adversarius
946 1800 963 1830 7
997 1753 1102 1813 sed
1145 1753 1419 1814 discimus
1457 1766 1742 1837 praeterea
1778 1755 1950 1836 longe
1991 1754 2352 1838 probabilius
2387 1760 2510 1815 esse
2537 1801 2554 1830 7

426 1869 630 1911 omnes
668 1851 845 1934 plane
886 1850 1151 1910 homines
1193 1852 1504 1910 morituros
1538 1873 1660 1911 esse
1681 1898 1697 1926 7
1739 1852 1848 1911 etsi
1878 1852 2058 1933 aliqui
2092 1851 2166 1910 ad
2195 1851 2373 1910 breve
2403 1856 2558 1910 tem—-

424 1971 554 2031 pus,
595 1950 742 2022 Quia
773 1948 821 2007 si
855 1969 1060 2007 omnes
1103 1969 1473 2027 resurgemus
1495 1994 1512 2022 7
1543 1969 1680 2028 ergo
1716 1969 1919 2006 omnes
1962 1948 2281 2005 moriemur
2313 1945 2421 2025 (l).

508 2046 648 2104 918.
699 2047 840 2118 Quae
880 2043 1157 2103 dicuntur
1182 2043 1255 2103 de
1283 2042 1596 2118 tribunali,
1623 2042 1695 2101 de
1725 2042 1889 2101 libris
1919 2063 2300 2101 censurarum
2329 2053 2389 2100 et
2418 2062 2557 2100 exa-

424 2143 584 2202 mine
606 2187 620 2216 7
644 2140 875 2220 jamdiu
903 2151 1307 2222 praeoccupata
1331 2139 1571 2198 fuerunt
1598 2137 1672 2197 ab
1692 2137 1951 2197 Ecclesiae
1976 2134 2245 2196 Patribus
2267 2181 2282 2211 7
2310 2136 2410 2218 qui
2438 2159 2556 2196 mo-

423 2250 689 2297 nuerunt
741 2236 867 2296 haec
932 2236 1169 2294 nonnisi
1218 2235 1463 2315 figurato
1512 2256 1686 2294 sensu
1735 2256 1858 2293 esse
1907 2230 2262 2314 accipienda.
2324 2233 2558 2293 Etenim

405 2335 664 2413 judicat
688 2333 999 2403 Christus,
1025 2332 1088 2389 in
1102 2331 1227 2412 quit
1257 2331 1314 2389 S.
1344 2329 1681 2390 Ambrosius
1698 2375 1714 2404 7
1734 2333 2066 2411 coquitione
2099 2329 2409 2401 cordium,
2431 2351 2554 2389 non

423 2434 892 2509 interroyatione
923 2431 1230 2506 factorum
1262 2426 1371 2506 (2).
1415 2426 1826 2486 Manifestante
1864 2448 1925 2484 se
1963 2427 2082 2484 Deo
2105 2470 2119 2499 7
2159 2423 2553 2484 nullum‘am-

424 2526 579 2609 plius
606 2525 808 2585 velum
835 2524 1060 2604 operiet
1082 2523 1337 2585 actiones
1362 2535 1420 2582 et
1442 2524 1590 2582 facta
1614 2521 1945 2581 hominum.
1974 2521 2144 2595 Quod
2167 2542 2288 2579 non
2310 2519 2552 2581 obscure

424 2620 683 2682 declarat
724 2618 1030 2701 Apostolus
1069 2620 1231 2701 ipse7
1267 2618 1557 2693 scribens7
1595 2621 1759 2678 Rom.
1795 2621 1844 2677 ΙΙ
1867 2664 1883 2693 7
1934 2619 2006 2676 15
2042 2640 2056 2676 ε
2116 2616 2550 2677 Testimonium

423 2718 699 2776 reddente
723 2718 845 2776 illis
874 2720 1238 2774 conscientia
1273 2719 1584 2795 ipsorum,
1609 2725 1664 2774 et
1688 2719 1851 2773 inter
1875 2736 1932 2772 se
1959 2718 2214 2772 invicem
2246 2717 2550 2793 coqitatio-

423 2814 609 2872 uibus
648 2813 1114 2885 accusantibus,
1154 2822 1268 2870 aut
1301 2819 1484 2869 etiam
1515 2812 1970 2891 defendentibus
2002 2815 2071 2868 in
2109 2811 2240 2879 die,
2272 2830 2412 2867 cum
2429 2814 2550 2887 ju-

424 2911 661 2969 dicabit
694 2911 857 2970 Deus
897 2910 1126 2968 occulta
1162 2909 1501 2966 hominum.
1550 2906 1735 2967 Nihil
1779 2912 1942 2965 enim
1991 2917 2074 2965 est
2110 2910 2385 2985 opertum
2406 2946 2429 2975 ,
2468 2904 2548 2961 ait

495 3102 566 3167 (1)
601 3102 764 3152 Recol.
794 3104 1005 3167 superius
1031 3101 1172 3151 dicta.
1528 3108 1609 3148 tur
1627 3138 1639 3160 7
1666 3109 1712 3148 et
1739 3101 1914 3147 mentis
1949 3100 2135 3147 intuitu
2160 3100 2289 3146 mira
2314 3096 2547 3147 celeritate

491 3185 564 3250 (2)
604 3187 670 3233 In
696 3184 824 3234 Luc.
852 3185 939 3234 lib.
957 3204 986 3234 x
1002 3221 1014 3245 ‚
1043 3201 1149 3250 cap.
1170 3200 1232 3232 22
1253 3221 1266 3243 ‚
1286 3201 1340 3233 n.
1355 3182 1442 3251 49.
1527 3191 1810 3243 cernuntur,
1824 3193 1881 3230 ut
1893 3190 2082 3230 accuset
2101 3180 2175 3230 vel
2186 3189 2376 3229 excuset
2391 3181 2547 3228 scien-

426 3268 525 3318 Cfr.
565 3265 733 3315 Enar.
769 3268 827 3314 in
865 3266 1007 3316 Psal.
1052 3285 1104 3328 1,
1148 3285 1201 3316 n.
1242 3265 1327 3318 52.
1369 3265 1447 3314 Sic
1478 3300 1482 3303 «
1528 3266 1598 3313 tia
1625 3256 1970 3314 conscientiam
1991 3303 2004 3326 ,
2036 3273 2177 3330 atque
2211 3265 2282 3311 ita
2314 3261 2464 3311 simul
2502 3268 2548 3308 et

425 3353 565 3399 etiam
583 3349 632 3398 S.
649 3348 842 3415 August.
860 3348 943 3399 De
969 3351 1063 3398 civ.
1088 3347 1195 3398 Dei
1211 3387 1224 3411 7
1250 3348 1335 3398 lib.
1355 3368 1413 3398 xx
1429 3383 1444 3412 ,
1529 3364 1691 3396 omnes
1737 3357 1782 3396 et
1833 3345 2019 3414 sinquli
2047 3347 2359 3415 judicentur.
2422 3344 2545 3412 Quae

426 3450 533 3498 cap.
587 3432 647 3481 114
691 3448 706 3481 :
750 3430 990 3498 Quoedum
1028 3433 1185 3496 ὁρίων
1205 3469 1219 3492 7
1255 3433 1412 3498 inquit
1430 3468 1443 3493 ‚
1529 3432 1770 3479 nimirum
1813 3433 1890 3479 vis
1939 3431 2111 3479 divina
2132 3467 2145 3491 7
2194 3429 2313 3477 libri
2367 3443 2543 3477 nomen

425 3517 502 3565 vis
535 3524 604 3564 est
633 3514 947 3581 intelliqenda
976 3514 1152 3563 divina
1170 3553 1184 3574 ‚
1205 3531 1302 3580 qua
1320 3515 1409 3579 fiet
1432 3553 1445 3574 ‚
1529 3515 1732 3580 accepit.
1770 3510 1840 3561 In
1869 3531 1925 3563 ea
1966 3516 2142 3581 quippe
2172 3514 2378 3580 quodam
2410 3510 2545 3560 modo

427 3607 484 3646 ut
527 3599 701 3664 cuique
735 3615 882 3665 opera
925 3613 1016 3646 sua
1034 3634 1047 3659 ,
1088 3596 1165 3645 vel
1205 3597 1333 3646 bona
1375 3595 1451 3645 vel
1530 3595 1985 3663 leqitur‚quidquid
2011 3614 2067 3646 ea
2079 3597 2289 3662 faciente
2305 3594 2541 3645 recolitur.

427 3679 556 3730 mala
570 3717 588 3745 ‚
616 3688 791 3730 cuncta
818 3682 878 3729 in
909 3680 1192 3729 memoriam
1226 3695 1449 3729 revocen-
