2580 4152
386 227 497 284 100

1037 248 1230 285 TRACT.
1283 249 1350 284 DE
1395 249 1499 286 DEO
1544 250 1856 289 CREATORE.

374 387 757 473 proferebant
788 390 896 470 (l)
927 391 1066 448 Tres
1099 390 1343 447 enimin
1376 391 1627 472 epochas
1660 413 1756 452 eos
1796 393 2156 475 dispertiunt
2193 396 2418 475 Goguet
2455 407 2514 455 et

382 486 556 547 Card.
584 483 783 545 Gerdil
807 483 919 564 (2).
949 484 1144 543 Prima
1166 485 1490 566 universim
1519 498 1580 546 et
1603 509 1677 546 ex
1706 488 1936 568 integro
1963 489 2356 571 mythologica
2386 502 2510 566 est3

380 581 592 642 fabulis
628 578 879 639 anilibus
918 579 1101 639 altera
1144 579 1320 662 plane
1363 592 1580 655 scatet3
1621 595 1919 665 postrema
1965 580 2222 668 aliquam
2253 586 2513 646 historiae

376 678 630 761 speciem
657 698 780 759 prae
803 698 863 735 se
887 676 1039 735 ferre
1068 675 1334 752 videtur,
1369 699 1498 758 quae
1522 689 1724 738 tamen
1763 679 1859 740 vix
1897 679 1971 739 ab
1992 680 2308 741 Abrahami
2338 703 2514 743 voca-

374 776 537 833 tione
569 771 854 852 originem
879 771 1061 831 ducit.

457 870 599 927 211.
646 866 743 928 Ad
775 866 1004 926 Indicas
1033 888 1177 929 vero
1202 868 1583 950 antiquitates
1605 869 1764 950 quod
1789 881 2012 952 spectat
2039 917 2055 946 ,
2080 872 2290 954 quibus
2322 884 2513 933 tanto-

373 987 515 1048 pere
543 964 741 1023 fidunt
771 963 1030 1023 Voltaire
1064 969 1305 1045 ejusque
1339 963 1571 1023 asseclae
1591 1011 1606 1039 .,
1646 986 1711 1024 ac
1736 965 1998 1045 profecto
2022 966 2155 1048 plus
2183 989 2350 1050 aequo
2374 980 2509 1028 stu—

376 1061 506 1120 duit
545 1059 894 1120 Guillelmus
946 1062 1156 1135 JoneS,
1202 1081 1235 1117 a
1271 1061 1476 1119 ceteris
1528 1059 1822 1120 sodalibus
1861 1062 2185 1146 Anglorum
2223 1065 2510 1123 societatis

374 1157 654 1217 Calecutii
696 1156 1175 1217 demonstratum
1217 1167 1339 1229 est.l
1374 1177 1468 1215 eas
1507 1178 1629 1215 non
1669 1179 1967 1238 assurgere
1999 1158 2153 1218 ultra
2178 1159 2512 1221 Sinensium

372 1266 550 1337 atque
577 1254 982 1335 AEgyptiorum
1007 1263 1393 1311 monumenta
1425 1251 1538 1332 (3).
1571 1254 1754 1313 Ezour
1781 1254 1952 1313 Vedae
1982 1266 2182 1314 autem
2211 1254 2471 1315 codicem
2492 1302 2507 1331 ,

372 1351 463 1422 cui
493 1360 658 1410 tanta
695 1350 1011 1431 antiquitas
1044 1359 1102 1407 et
1131 1348 1444 1407 auctoritas
1484 1347 1857 1409 tribuebatur
1892 1396 1907 1425 a
1950 1349 2169 1410 librum
2216 1373 2340 1411 esse
2374 1373 2512 1434 spu-

372 1446 526 1506 rium
549 1467 743 1529 nuper
772 1445 955 1505 critici
980 1442 1507 1527 deprehenderunt
1532 1443 1645 1526 (4).
1674 1446 1816 1519 Quae
1846 1446 2023 1526 igitur
2050 1446 2320 1507 Sinenses
2344 1493 2359 1523 7
2404 1449 2514 1507 Ba-

442 1684 514 1747 (l)
550 1683 613 1733 Ut
637 1682 841 1731 Voltaire
853 1683 1025 1749 passim
1043 1717 1057 1741 ‚
1074 1681 1330 1750 praesertim
1351 1681 1403 1727 in

373 1785 509 1832 opere
542 1766 803 1834 Questions
830 1782 918 1813 sur
945 1762 1354 1829 l'Encyclopcdie.

444 1849 504 1914 (2)
542 1847 721 1914 Saqqio
761 1848 1078 1896 d‘istrnzione
1121 1844 1348 1910 teoloqica
1379 1880 1394 1905 ‚

378 1932 457 1981 De
473 1932 582 1982 Deo
601 1940 752 1981 creat.
781 1942 900 1981 tom.
919 1948 951 1978 x
973 1968 986 1991 ‚
1004 1947 1116 1995 opp.
1142 1929 1256 1978 edit.
1277 1946 1398 1976 rom.

444 2014 511 2080 (3)
549 2014 759 2064 Bibliot.
781 2013 1126 2076 britannique,
1154 2022 1271 2059 tom.
1292 2028 1398 2069 xv1‚

373 2117 480 2164 pag.
512 2095 607 2161 347
643 2107 687 2146 et
718 2115 854 2162 seqq.
888 2095 1083 2144 Genevae
1122 2092 1241 2142 1801
1270 2132 1283 2154 ‚
1320 2093 1403 2141 ubi

372 2183 582 2230 invenies
595 2180 926 2244 compendium
936 2177 990 2226 V
987 2178 1087 2226 edoe
1101 2195 1153 2226 ex
1168 2175 1400 2226 diss.Wil.

374 2264 514 2313 Jones
546 2266 716 2311 inserta
766 2265 817 2310 in
859 2259 1059 2310 Asiatic
1100 2259 1398 2320 researches,

375 2365 431 2396 or
462 2347 787 2395 transactione
817 2345 878 2409 of
898 2344 974 2392 the
1000 2344 1178 2407 society
1206 2341 1402 2390 instita·

373 2430 453 2479 ted
479 2432 537 2478 in
565 2427 787 2494 Benqal‚
820 2438 911 2476 etc.
951 2422 1265 2494 1788-1816.
1299 2423 1399 2472 Cfr.

373 2516 513 2562 etiam
529 2513 700 2562 Cuvier
720 2550 733 2571 ‚
760 2510 1008 2559 Discoars
1036 2525 1125 2557 sar
1150 2507 1215 2555 les
1252 2507 1402 2555 Reco-

374 2595 553 2644 lutions
583 2594 652 2643 du
679 2593 838 2659 qlobe‚
867 2588 1143 2659 §257-280
1173 2587 1402 2656 «118306-

378 2679 493 2746 319.

445 2762 513 2825 (lt)
556 2760 759 2809 Voltaire
805 2775 1039 2807 summam
1079 2758 1403 2822 antiquitatem

376 2843 738 2891 Ezour-Vedam
756 2842 916 2890 tribuit
933 2851 1034 2889 tum
1056 2841 1107 2887 in
1122 2856 1259 2904 opere
1277 2837 1404 2886 Phi-

376 2925 584 2991 losophie
621 2925 678 2973 de
714 2924 980 2984 l'histoire‚
1025 2940 1131 2987 cap.
1172 2938 1263 2987 17,
1301 2931 1401 2968 tum

374 3012 427 3057 in
460 3007 672 3072 Defensa
710 3007 768 3054 de
800 3023 915 3053 mon
946 3003 1113 3065 oncle,
1161 3021 1263 3068 cap.
1308 3018 1366 3050 12
1386 3039 1399 3061 ‚

377 3092 491 3141 adeo
520 3101 572 3138 ut
603 3090 802 3138 scribere
835 3106 931 3136 non
958 3087 1140 3136 dubitet
1171 3102 1185 3133 ε
1223 3084 1307 3132 On
1343 3100 1403 3131 ne

370 3182 491 3242 peut
513 3190 610 3240 pas
651 3173 818 3221 douter
854 3170 975 3236 qu'il
1011 3169 1134 3218 n'ait
1174 3173 1242 3216 ele
1285 3169 1406 3215 ecrit

374 3266 529 3307 avant
559 3256 873 3324 l'expedition
907 3253 1237 3303 d’Alexandre
1277 3253 1402 3300 dam

373 3343 441 3391 les
478 3340 647 3392 Index.
691 3342 786 3391 Cfr.
818 3343 958 3390 etiam
991 3339 1169 3388 Ezour
1210 3337 1266 3385 V
1263 3338 1402 3387 edam

375 3444 439 3475 ou
464 3427 641 3475 ancien
664 3425 1004 3473 commentaire
1016 3422 1083 3470 cla
1101 3418 1153 3469 V
1149 3421 1287 3469 edam
1301 3428 1403 3468 tra·-

376 3509 486 3557 duit
528 3508 596 3556 du·
639 3515 919 3555 sanscretan
956 3522 1056 3571 par
1095 3521 1166 3552 un
1212 3504 1398 3552 brame.

376 3592 595 3641 Yverdon
633 3588 759 3658 1788
782 3628 795 3650 ‚
830 3601 942 3638 tom.
967 3605 982 3636 1
1003 3625 1017 3648 ,
1051 3586 1400 3635 Observations

367 3673 761 3739 preliminaires‚
793 3690 899 3739 pag.
942 3669 1030 3721 152
1063 3681 1107 3719 et
1134 3689 1269 3737 seqq.
1301 3669 1400 3718 Nu-

374 3771 455 3822 per
492 3774 598 3807 vero
644 3757 981 3807 demonstravit
1030 3753 1177 3815 Ellis,
1224 3752 1394 3803 sodalis

1486 1678 1666 1746 collegii
1706 1677 1942 1742 MadraS,
1990 1682 2146 1733 Ezour
2185 1683 2362 1732 Vedam
2397 1701 2513 1750 opus

1486 1780 1583 1811 esse
1614 1767 1930 1828 conscriptum
1969 1783 1994 1813 a
2036 1764 2170 1815 Patre
2208 1765 2412 1815 Roberto
2442 1765 2514 1817 De

1485 1844 1732 1895 Nobilibus
1759 1845 1863 1895 Soc.
1886 1847 1998 1897 Jesu
2027 1866 2153 1897 anno
2188 1846 2308 1896 1621
2333 1866 2348 1914 3
2378 1851 2513 1916 cujus

1485 1929 1824 1992 autographum
1873 1932 2070 1996 ipsemet
2109 1931 2355 1996 diligenter
2382 1931 2512 1980 evol-

1485 2012 1550 2057 vit
1563 2013 1613 2058 in
1631 2010 1894 2073 Indiis‚'ubi
1910 2013 2235 2061 asservabatur
2249 2016 2300 2061 in
2314 2016 2510 2081 antiquo

1484 2092 1512 2141 J
1515 2096 1763 2143 esuitarum
1778 2096 1987 2161 collegio.
2003 2092 2254 2143 Exaratum
2270 2106 2426 2144 autem
2443 2106 2512 2144 est

1484 2175 1642 2242 lingua
1675 2180 1959 2226 samscritica
1980 2215 1993 2236 ‚
2033 2195 2176 2243 quam
2216 2176 2269 2225 P.
2302 2177 2373 2226 De
2411 2176 2509 2226 No-

1484 2258 1658 2307 bilibus
1690 2262 1862 2324 optime
1892 2259 2089 2308 callebat
2108 2297 2121 2319 ‚
2163 2269 2215 2307 ut
2245 2261 2370 2307 viam
2391 2269 2510 2307 ster-

1484 2350 1613 2388 neret
1647 2341 1775 2389 Indis
1815 2342 2068 2389 faciliorem
2107 2341 2167 2388 ad
2203 2341 2507 2389 christianam

1485 2424 1627 2472 fidem
1647 2423 2045 2489 amplectandam.
2063 2422 2334 2471 Dissertatio
2357 2423 2419 2471 D.
2435 2423 2510 2471 El-

1484 2505 1543 2553 lis
1586 2497 1767 2555 'inserta
1832 2517 1899 2555 est
1951 2507 2045 2555 vol.
2096 2523 2175 2554 xiv
2221 2505 2507 2555 Researches

1485 2590 1678 2636 asiatio.
1708 2588 1806 2636 Cfr.
1847 2589 1952 2656 Tlte
1987 2587 2163 2636 britisb
2194 2587 2399 2636 catholic
2426 2605 2505 2636 co-

1484 2670 1639 2719 lonial
1665 2671 1911 2737 qaarterly
1946 2670 2307 2735 intelli‘qencer,
2347 2689 2401 2719 11.
2437 2688 2464 2718 9.
2488 2708 2502 2729 ‚

1484 2775 1589 2822 pag.
1631 2754 1714 2805 161
1743 2794 1756 2816 ‚
1786 2766 1874 2804 art.
1899 2755 2135 2803 Robertas
2151 2751 2230 2801 De
2245 2752 2506 2801 Nobilibus

1486 2839 1584 2886 and
1599 2838 1675 2886 his
1690 2837 1866 2886 Ezour
1886 2838 1942 2885 V
1935 2835 2075 2884 edam
2093 2873 2106 2895 ‚
2134 2835 2331 2883 London
2352 2834 2501 2899 1834.

1488 2919 1964 2969 Animadvertendum
1983 2928 2139 2966 tamen
2151 2928 2236 2977 est,
2250 2918 2386 2981 longe
2400 2927 2508 2966 ante

1486 3003 1714 3069 ejusmodi
1777 3002 2035 3067 Anglorum
2101 3001 2509 3065 perlustrationem

1485 3096 1653 3134 notum
1689 3086 1830 3134 fuisse
1862 3084 2101 3132 catholicis
2141 3083 2293 3131 Ezour
2332 3083 2531 3131 Vedam.

1485 3169 1805 3235 apocryphum
1819 3185 1932 3233 opus
1950 3167 2106 3215 fuisse.
2126 3165 2179 3213 ln
2194 3184 2330 3231 opere
2347 3168 2473 3214 enim
2490 3181 2506 3212 ε

1491 3252 1691 3302 Codices
1732 3267 1846 3299 mss.
1886 3249 2073 3297 indicis
2105 3247 2404 3297 bibliotheca!
2450 3247 2509 3295 de

1484 3331 1812 3401 Propaqanda
1832 3370 1845 3393 ‚
1892 3333 2060 3380 dicitur
2096 3349 2110 3380 :
2150 3330 2262 3379 Hoc
2294 3346 2414 3396 opus
2441 3338 2511 3377 est

1484 3415 1833 3484 apocrypham.
1852 3414 2082 3462 Sonuerat
2099 3452 2111 3474 ‚
2132 3413 2227 3462 vol.
2253 3429 2319 3472 11,
2350 3429 2399 3477 p.
2422 3409 2507 3474 41,

1484 3502 1568 3549 liv.
1611 3499 1672 3557 3,
1704 3502 1805 3565 jam
1848 3515 1930 3545 suo
1979 3508 2187 3562 tempore
2229 3493 2464 3543 scribebat
2490 3509 2507 3541 z

1486 3581 1721 3630 L’Ezour
1743 3578 1804 3628 V
1798 3580 1935 3628 edam
1962 3587 2032 3627 est
2057 3595 2128 3626 an
2156 3576 2278 3625 livre
2302 3575 2359 3622 de
2393 3591 2508 3622 con-

1484 3674 1687 3714 troverse
1700 3699 1715 3724 ,
1746 3663 1865 3710 ecrit
1886 3663 1917 3710 ὰ
1950 3660 2306 3726 Manilipatam
2314 3673 2416 3723 par
2438 3673 2510 3704 un

1486 3747 1894 3798 missionnaire...
1915 3743 2043 3793 C'ect
2066 3745 2096 3793 ὰ
2121 3750 2215 3791 tort
2238 3757 2329 3807 que
2352 3739 2430 3789 M.
2453 3738 2511 3786 de
