2580 4152
2146 272 2223 338 53

307 299 466 336 PART.
502 299 544 334 1.
578 298 699 335 CAP.
730 297 787 334 V.
822 297 889 332 DE
915 295 1204 333 DAEMONUM
1235 295 1352 334 CUM
1381 294 1690 332 HOMINIBUS
1718 293 2059 332 GOMMERCIO.

119 453 281 523 nulla
317 452 539 512 ratione
575 448 826 508 naturali
857 449 1189 530 potuerint3
1231 449 1279 506 si
1320 449 1472 511 vires
1497 469 1671 530 supra
1709 458 1982 505 naturam
2021 457 2219 505 osten-

119 548 262 606 dant
293 594 309 623 ,
357 558 424 605 ut
456 532 711 624 ingentia
738 543 996 626 pondera
1029 542 1291 602 attollere
1312 588 1328 616 ‚
1365 564 1472 624 per
1510 549 1704 601 aerem
1747 540 2022 614 volitare,
2069 561 2223 621 prae—

119 653 282 723 cepta
317 641 490 699 tacita
517 660 582 697 ac
604 639 925 720 praesertim
946 637 1222 696 mentalia
1249 636 1570 716 intelligere
1589 682 1606 711 a
1642 636 1749 695 etsi
1776 632 2127 693 distantibus
2155 634 2220 691 in

116 736 254 795 locis
298 735 372 792 sit
409 735 723 806 exorcista,
772 743 839 790 ut
878 753 986 790 nec
1036 732 1221 791 videri
1272 753 1305 789 a
1355 730 1721 790 daemoniacis
1756 730 1937 810 possit
1985 727 2081 791 vel
2115 749 2221 786 au-

117 829 263 903 diri,
294 840 403 887 etc.
437 827 545 907 (1).
583 826 933 886 Addendum
954 837 1235 907 praeterea
1265 836 1351 885 est
1371 871 1387 899 ,
1431 827 1493 883 1ο
1517 825 1709 908 quod,
1740 825 1965 885 etiamsi
1987 822 2222 882 nullum

115 924 340 1002 signum
372 923 610 981 seorsim
632 932 931 1002 sumptum
953 942 1059 1002 per
1095 942 1156 980 se
1178 921 1253 978 sit
1288 921 1528 979 omnino
1552 931 1777 980 certum
1796 965 1812 993 ‚
1853 931 2053 978 tamen
2083 939 2218 976 cum

114 1016 282 1099 plura
336 1028 688 1075 concurrunt
725 1061 740 1090 .,
797 1014 1000 1073 haberi
1063 1016 1246 1095 possit
1294 1013 1580 1072 certitudo
1628 1013 1883 1073 moralis.
1935 1015 2016 1088 20⁴
2049 1014 2170 1072 Etsi
2202 1058 2218 1087 ,

117 1134 245 1193 quae
287 1112 445 1190 signa
474 1110 765 1169 habentur
786 1111 849 1167 in
882 1108 1125 1168 obsessis
1153 1106 1449 1185 Evangelii
1467 1151 1483 1180 .,
1514 1128 1636 1164 non
1657 1119 1852 1165 essent
1876 1129 1984 1188 per
2006 1129 2068 1167 se
2096 1115 2224 1166 cer-

112 1208 334 1264 tissima
354 1250 370 1279 ,
401 1227 496 1264 eos
527 1216 724 1263 tamen
751 1202 1009 1261 obsessos
1035 1201 1210 1259 fuisse
1234 1199 1593 1264 credendum
1615 1212 1765 1260 esset
1787 1222 1855 1259 ex
1878 1202 2222 1261 auctoritate

117 1300 413 1380 scriptoris
435 1298 599 1356 sacri.
634 1297 692 1355 3⁰
721 1294 889 1385 Quod
908 1296 1067 1374 signa
1093 1293 1274 1353 solide
1296 1293 1621 1376 probabilia
1650 1295 1941 1354 sufficiant
1959 1341 1976 1370 ‚
2001 1306 2068 1354 ut
2090 1297 2218 1378 quis

117 1393 468 1454 exorcizetur
489 1437 505 1464 ‚
543 1401 719 1472 prout
741 1390 1025 1470 contingit
1052 1390 1115 1446 in
1140 1388 1481 1461 morborum
1506 1410 1663 1449 cura.

195 1488 327 1545 112.
376 1485 464 1546 Ad
485 1487 594 1560 2¹¹³.
626 1488 782 1545 Dz'st.
814 1486 925 1557 Qui
955 1496 1156 1543 tamen
1197 1505 1269 1543 ex
1307 1483 1557 1542 aliorum
1594 1483 1710 1543 fide
1739 1506 1849 1544 nec
1891 1496 2087 1545 tamen
2126 1506 2221 1543 sa-

113 1583 185 1641 tis
210 1583 377 1640 firma
401 1602 468 1640 ea
491 1581 704 1640 referat
723 1625 740 1654 ,
769 1601 959 1652 conc.;
986 1578 1196 1638 idonea
1225 1579 1568 1638 auctoritate
1590 1579 1826 1639 innixus
1846 1626 1862 1654 ,
1887 1603 2018 1661 neq.
2052 1579 2223 1653 Quod

116 1679 162 1736 si
193 1678 606 1758 Pomponatius
642 1697 700 1746 se
735 1675 1030 1734 oculatum
1062 1685 1273 1733 testem
1301 1673 1541 1733 exhibet
1560 1720 1577 1749 a
1609 1675 1757 1734 nihil
1790 1687 1990 1734 tamen
2023 1674 2222 1735 deter-

113 1773 336 1832 minati,
366 1771 544 1830 refert
583 1817 597 1845 7
645 1769 936 1852 quomodo
987 1768 1201 1827 scilicet
1232 1814 1246 1843 a
1290 1789 1397 1849 per
1441 1780 1728 1850 quantum
1781 1781 2051 1851 tempuS‚
2086 1791 2221 1829 cum

112 1877 330 1948 quanta
365 1866 872 1945 grammaticarum
906 1864 1103 1944 legum
1138 1864 1470 1942 integritate
1503 1864 1561 1922 id
1593 1863 1667 1923 ab
1708 1864 1806 1923 illa
1830 1864 2076 1924 muliere
2100 1864 2219 1922 fac—

111 1972 239 2021 tum
275 1961 448 2020 fuerit
475 2006 490 2034 ,
525 1971 584 2019 et
620 1981 696 2021 an
736 1970 947 2041 praeter
991 1956 1323 2030 naturalia,
1360 1958 1825 2040 supernaturalia
1867 1958 2124 2019 remedia
2160 1960 2225 2017 in

112 2141 200 2204 qui
233 2139 307 2186 vel
346 2148 453 2187 atra
488 2139 609 2198 bile,
659 2138 733 2187 vel
767 2139 927 2188 morbo
959 2138 1120 2203 aliquo

111 2221 345 2269 laborant.
378 2220 533 2286 Sv'qna
553 2229 712 2270 autem
740 2221 996 2269 obsidentis
1022 2221 1120 2268 doe-

117 2305 271 2350 monis
282 2311 393 2349 sunt
407 2304 566 2366 iqnota
579 2302 748 2367 linqua
760 2302 890 2367 loqui
895 2301 1122 2369 pluribus

119 2383 274 2430 verbis
294 2421 307 2442 ‚
338 2383 412 2430 vel
430 2383 687 2447 loquentem
704 2384 994 2450 intelliqere;
1021 2384 1122 2431 dis-

118 2466 276 2510 tantia
304 2472 348 2510 et
361 2465 549 2512 'occulta
558 2467 827 2531 patefacere
847 2484 862 2528 ;
889 2468 1016 2515 vires
1039 2483 1122 2513 su·-

112 2561 209 2608 pra
252 2546 405 2592 oetatis
437 2562 522 2592 seu
560 2548 851 2595 conditionis
893 2556 1122 2596 naturam

120 2627 357 2673 ostendere
375 2643 388 2687 3
418 2635 462 2672 et
481 2625 534 2672 id
549 2643 699 2690 qenus
724 2627 853 2688 alia,
888 2646 995 2693 quw
1014 2646 1124 2676 cum

112 2705 330 2771 plurima
368 2716 651 2768 occurrunt,
687 2711 870 2774 majora
908 2718 1022 2758 sunt
1046 2713 1124 2756 in-

120 2787 251 2835 dicia
266 2822 282 2847 ‚
313 2798 400 2836 etc.

191 2870 253 2932 (1)
286 2868 470 2917 Curtius
522 2870 770 2935 Sprengel‚
829 2871 1020 2935 profess.
1075 2875 1126 2919 in

124 2947 334 2998 Univers.
351 2951 475 3000 Han.
497 2955 548 2999 in
568 2970 702 3016 opere
736 2970 748 3000 t
766 2948 933 3000 Storia
954 2969 1125 3018 pram-

125 3032 299 3079 matica
335 3031 454 3080 della
495 3033 739 3081 medicina
759 3071 771 3093 ‚
806 3034 1013 3082 tradotta
1048 3032 1131 3082 dal

126 3110 299 3160 tedesco
316 3148 330 3172 ‚
347 3123 460 3161 tom.
495 3132 542 3162 τι
557 3152 569 3174 ,
591 3113 698 3180 §23
730 3125 774 3163 et
803 3133 933 3182 seqq.
955 3115 1122 3164 Venet.

134 3189 292 3251 1815,
334 3194 486 3258 plures
530 3206 732 3245 recenset
769 3186 1000 3257 inedic08‚
1045 3200 1126 3263 qui

126 3272 338 3321 adversus
361 3272 572 3336 Wierum
598 3279 942 3326 insurrexerunt
967 3279 1024 3326 ad
1043 3279 1127 3327 ad·

128 3353 390 3401 struendam
421 3359 651 3406 ver-itatem
688 3359 1002 3406 obsessionum
1033 3360 1125 3407 dae-

125 3437 441 3484 moniacarum
460 3473 473 3495 ‚
513 3440 771 3504 cujusmodi
806 3442 928 3488 inter
955 3451 1127 3489 ceteros

127 3526 236 3562 sunt
270 3515 404 3565 Geor.
438 3516 680 3580 pinufius,
712 3520 856 3569 Guill.
886 3522 1126 3586 Adolphus

126 3595 391 3646 Scribonius
409 3635 421 3658 ‚
469 3598 668 3648 Thomas
722 3602 937 3662 Erastus‚
985 3602 1123 3652 Joan.

124 3677 293 3728 matth.
327 3679 602 3729 Durastante
634 3680 953 3732 Maceratensis
975 3720 988 3743 ‚
1030 3687 1127 3749 ipsc

125 3756 292 3808 Paulus
326 3760 523 3811 Zacchia
548 3764 721 3827 primus
753 3775 911 3815 auctor
935 3783 1012 3815 seu
1043 3783 1124 3831 pa-

1204 2155 1309 2186 rens
1363 2138 1632 2186 Medicinae
1674 2137 1840 2202 leyalis
1873 2176 1886 2197 ‚
1943 2125 2215 2203 Hieronym.

1205 2219 1474 2280 Cardanus,
1511 2221 1724 2269 Ambros.
1759 2220 1901 2279 Pare,
1927 2220 2061 2268 Joan.
2096 2219 2221 2267 Lan-

1205 2303 1328 2365 gius,
1359 2302 1512 2351 Livin.
1543 2302 1792 2364 Lemnius,
1819 2302 1958 2352 Joan.
1979 2302 2184 2350 Bodinus
2203 2339 2216 2361 ‚

1206 2384 1378 2448 aliique
1407 2400 1630 2449 perquam
1671 2384 1806 2432 multi
1835 2386 1972 2432 etiam
2001 2386 2121 2432 inter
2149 2401 2223 2432 re-

1207 2467 1429 2512 centiores
1464 2468 1564 2512 tuin
1601 2465 1860 2514 Catholicos
1902 2475 2003 2513 tum
2040 2464 2222 2513 Protes-

1207 2555 1373 2595 tantes.
1396 2546 1493 2594 Etsi
1520 2564 1627 2595 vero
1652 2546 1874 2612 Sprengel
1899 2557 2001 2595 tum
2028 2545 2096 2594 ibi
2121 2556 2222 2595 tum

1207 2638 1324 2676 tom.
1368 2647 1431 2687 x,
1466 2627 1493 2694 §
1529 2626 1618 2694 157
1657 2637 1702 2676 et
1740 2646 1871 2694 seqq.
1906 2629 2054 2677 rideat
2096 2646 2224 2692 sper-

1189 2704 1382 2774 *natque
1401 2726 1562 2758 omncs
1580 2710 1882 2758 daemoniacas
1908 2711 2192 2773 operationes
2212 2745 2226 2768 ,

1125 2839 1130 2842 ,
1211 2806 1309 2836 non
1317 2799 1386 2837 est
1398 2799 1556 2838 tamen
1571 2807 1653 2838 cur
1669 2801 1903 2856 propterea
1919 2806 2188 2838 moveamur
2204 2805 2219 2851 3

1210 2870 1289 2917 hic
1322 2872 1449 2918 enim
1476 2871 1741 2919 incredulus
1775 2882 1964 2933 auctor,
1998 2882 2049 2919 ut
2076 2871 2224 2935 pluri·

1211 2968 1341 2999 mum
1361 2968 1435 3000 eas
1463 2952 1833 3001 narratiunculas
1851 2990 1864 3013 ,
1893 2969 1996 3019 quae
2018 2953 2078 3001 ad
2102 2953 2224 3001 hanc

1210 3035 1517 3098 quaestionem
1570 3043 1775 3097 spectant
1800 3072 1814 3094 ‚
1876 3044 2115 3082 mutuatur
2170 3052 2224 3083 ex

1208 3113 1512 3162 Bibliotheca
1583 3116 1799 3164 univers.
1874 3114 2172 3174 Germanica
2200 3150 2217 3175 ,

1211 3213 1352 3261 quam
1367 3196 1477 3244 alibi
1492 3196 1694 3245 diximus
1711 3215 1807 3245 non
1822 3197 1960 3246 fuisse
1973 3198 2060 3246 sub
2077 3198 2222 3245 finem

1210 3277 1362 3325 saeculi
1379 3279 1623 3342 superioris
1658 3281 1748 3326 nisi
1779 3281 2144 3327 instrumentum
2164 3278 2224 3326 ad

1209 3359 1581 3407 incredulitatem
1630 3362 1872 3426 omnisque
1914 3363 2092 3425 generis
2131 3362 2222 3407 im-

1210 3443 1426 3505 pietatem
1454 3442 1832 3507 convehendam3
1871 3442 1959 3491 cfr.
1989 3443 2115 3490 idem
2142 3459 2220 3506 op.

1210 3524 1292 3570 cit.
1327 3532 1444 3571 tom.
1482 3542 1543 3583 x,
1586 3521 1613 3588 §
1648 3521 1738 3590 157
1767 3560 1780 3584 ‚
1827 3524 1910 3571 ubi
1950 3525 2222 3572 sententiam

1211 3620 1341 3651 snam
1370 3604 1598 3669 significat
1625 3607 1746 3654 circa
1778 3608 2035 3653 curationes
2063 3605 2221 3669 prodi-

1210 3686 1386 3750 giosas,
1430 3688 1584 3734 omnia
1625 3704 1730 3736 vera
1766 3704 1821 3735 ac
1875 3686 1989 3734 falsa
2030 3688 2224 3750 permis-

1208 3776 1306 3833 cet,
1342 3776 1394 3816 ut
1420 3767 1639 3817 miracula
1669 3768 1826 3817 omnia
1852 3785 1877 3816 e
1905 3767 2058 3817 medio
2079 3768 2233 3818 tollat.
