2580 4152
303 323 458 360 PART.
495 323 532 356 Ι.
561 321 682 357 CAP.
711 320 768 356 V.
806 320 874 355 DE
898 317 1188 373 DAEMONUM
1216 318 1663 357 GUM›HOM1N113US
1686 319 2028 360 COMMERGIO.

2127 317 2131 323 ·
2161 302 2243 361 37·

149 485 280 521 rum
322 460 637 532 sententian,
682 460 779 539 qui
824 470 951 516 tum
999 459 1334 519 daemonum
1380 459 1770 535 obsessiones,
1813 472 1940 519 tum
1981 461 2231 544 reliquas

147 558 475 617 daemonum
500 553 824 612 molitiones
846 554 1086 612 omnino
1117 576 1238 613 esse
1272 566 1506 634 negant.
1537 555 1714 614 Novis
1747 555 1839 613 his
1871 555 2229 636 sapientibus

144 674 212 711 ex
251 649 550 708 Catholicis
581 648 814 706 accessit
843 647 998 706 Jahn
1018 693 1032 721 a
1062 649 1160 728 qui
1181 694 1196 723 a
1226 671 1407 729 quum
1447 649 1742 708 simularet
1769 669 2058 731 exponere
2084 673 2232 730 pro-

138 744 440 803 blematice
465 743 839 823 quaestionem
869 742 940 801 de
965 741 1329 802 daemoniacis
1356 790 1371 818 5
1412 765 1790 825 quaecumque
1820 743 2015 803 afferri
2040 744 2231 804 solent

138 837 211 896 ad
248 837 705 896 confirmandam
743 836 1136 895 obsessionum
1184 839 1492 898 veritatem
1532 849 1657 896 tum
1703 859 1771 897 ex
1806 839 1978 897 sacris
2020 838 2228 898 litteris

137 943 265 990 tum
304 953 372 990 ex
402 930 669 989 Patribus
709 931 932 990 elevare
982 932 1218 1011 satagit,
1250 943 1316 990 ut
1352 944 1567 991 statuat
1611 932 2101 992 daemoniacorum
2127 955 2228 992 no-

137 1027 296 1084 mine
330 1027 561 1083 nonnisi
593 1037 831 1104 aegrotos
857 1025 1176 1104 designari,
1214 1026 1510 1084 Christum
1535 1047 1675 1086 vero
1702 1038 1761 1085 et
1796 1027 2099 1108 Apostolos
2135 1049 2229 1087 sa-

142 1141 380 1200 crosque
402 1120 706 1200 scriptores
727 1119 977 1199 reliquos
998 1118 1153 1197 vulgi
1181 1119 1440 1199 opinioni
1470 1140 1530 1177 se
1556 1140 1616 1178 se
1638 1115 2098 1180 accommodasse
2113 1122 2237 1201 (l)‚³-

140 1214 278 1272 dum
308 1213 685 1273 daemoniacos
710 1223 1184 1270 commemorant.
1205 1212 1371 1284 Quod
1400 1213 1611 1271 attinet
1628 1212 1703 1271 ad
1734 1212 1986 1294 reliquos
2013 1215 2226 1275 daemo-

136 1330 280 1366 num
302 1307 534 1366 effectus
555 1328 742 1386 neque
758 1327 887 1364 cum
914 1305 1277 1387 prudentiori
1300 1306 1665 1389 philosophia
1686 1353 1702 1382 ⁷
1730 1330 1922 1389 neque
1948 1329 2081 1368 cum
2101 1311 2226 1392 ipsa

136 1403 236 1461 Dei
259 1412 474 1459 'natura
510 1421 605 1459 eos
631 1401 913 1458 conciliari
933 1422 1099 1481 posse
1121 1403 1513 1482 pronunciant
1544 1402 1652 1482 (2).

212 1495 307 1554 80.
354 1497 540 1568 Quare
564 1495 678 1553 duo
700 1517 731 1553 a
751 1494 918 1553 nobis
942 1495 1344 1554 constituenda
1367 1508 1504 1554 sunt
1523 1541 1538 1570 ,
1572 1507 1700 1554 tum
1724 1517 1893 1558 veros
1919 1496 2228 1558 daemonia-

132 1612 224 1649 cos
253 1590 376 1648 dari
402 1635 416 1663 a
453 1600 581 1646 tum
606 1591 896 1671 sapienter
930 1589 1083 1668 leges
1112 1589 1257 1648 latas
1284 1612 1405 1650 esse
1430 1612 1495 1649 ac
1518 1612 1722 1672 poenas
1753 1593 2094 1651 constitutas
2118 1593 2224 1652 ad-

131 1706 327 1744 versus
353 1685 787 1766 superstitiones
824 1696 924 1743 aut
946 1684 1226 1743 maleficia
1249 1697 1603 1745 exercentes,
1640 1715 1642 1717 ·

135 1887 259 1938 1825
277 1927 290 1949 ‚
322 1907 399 1938 seu
419 1926 433 1949 ‚
479 1887 560 1936 De
590 1896 716 1936 statu
744 1887 994 1952 reliqionis
1014 1905 1130 1952 pro-

128 1973 341 2021 testantis
389 1972 445 2018 in
490 1968 772 2019 Germania.
817 1971 922 2018 Fuit
965 1973 1061 2035 ipse
1099 1986 1131 2016 a

124 2055 333 2120 pietistis
358 2055 589 2101 institutus
607 2089 620 2111 ,
654 2070 679 2100 a
713 2052 882 2117 quibus
918 2053 1025 2101 dein
1051 2068 1130 2099 re-

130 2136 294 2184 cedens
321 2138 475 2183 statuit
501 2136 780 2199 principium
805 2132 1131 2182 accommoda·

129 2217 307 2276 tionis,
348 2234 487 2282 quem
514 2234 610 2264 non
639 2219 773 2280 pauci
808 2219 989 2281 sequuti
1025 2225 1132 2262 sunt

130 2297 434 2346 Protestantes
492 2300 544 2345 in
592 2315 822 2345 sacrorum
879 2297 1130 2345 bibliorum

133 2381 325 2442 exegesi.
353 2379 601 2444 Postquam
621 2397 724 2427 vero
753 2381 978 2427 recensuit
1005 2379 1133 2426 haud

133 2476 299 2523 paucos
352 2475 523 2508 errores
540 2498 553 2521 ‚
605 2479 683 2509 seu
724 2463 874 2525 potius
927 2477 1131 2508 errorum

134 2550 335 2587 monstra
379 2540 519 2605 hujus
562 2544 791 2602 auctoris,
841 2544 906 2590 sic
943 2542 1131 2589 demum

134 2621 372 2670 concludit
409 2621 550 2685 Hugs'
583 2622 738 2671 James
765 2623 883 2671 Rose
904 2659 918 2682 ,
952 2623 1060 2671 licet
1091 2633 1134 2671 et

133 2705 229 2767 ipse
253 2704 514 2751 Protestans
532 2720 546 2751 z
565 2703 652 2750 E‘n
674 2703 927 2751 nonnullas
950 2706 1132 2768 opinio-

134 2801 217 2832 nes
241 2787 450 2832 auctoris
465 2820 482 2845 ‚
513 2787 600 2848 qui
627 2787 684 2831 in
707 2782 896 2848 Anqlia
920 2786 1027 2848 ipsa
1040 2785 1136 2840 sibi

127 2867 414 2931 promeritus
486 2874 553 2912 est
611 2882 782 2913 nomen
850 2864 1135 2912 immortalis

136 2946 327 2996 Semler.
368 2946 454 2995 Ah
488 2948 533 2993 si
562 2946 697 2994 homo
740 2962 943 2993 errorem
981 2948 1137 2994 vitare

139 3027 268 3075 nullo
292 3027 427 3076 modo
436 3036 590 3093 potest
606 3066 620 3085 ,
642 3027 815 3075 millies
831 3026 1001 3075 melius
1015 3028 1139 3091 foret

96 3113 99 3115 '
140 3109 287 3163 nimis
318 3109 532 3168 credere,
569 3125 713 3173 quam
741 3125 921 3174 parum
951 3110 1101 3156 nimis
1116 3110 1136 3155 !

141 3187 371 3236 Admittat
389 3191 597 3253 forsitan
625 3206 802 3237 errores
827 3189 1035 3253 aliquot,
1060 3189 1141 3236 sed

132 3270 452 3334 principiam,
469 3274 551 3319 cui
559 3271 678 3335 fides
694 3273 944 3330 innititur,
957 3287 1141 3336 purum

140 3358 183 3396 et
212 3351 444 3398 intactum
458 3353 706 3417 perstabit.
726 3351 777 3399 E
778 3351 969 3399 wtendet
994 3352 1141 3415 forsi-

140 3440 222 3479 tan
256 3448 398 3480 suum
414 3433 561 3482 veluti
575 3433 755 3483 cultum
786 3434 850 3482 ad
870 3434 1111 3482 doctrinas
1127 3471 1141 3495 ‚

1210 1906 1316 1953 quae
1352 1888 1418 1936 ad
1454 1887 1787 1937 revelationem
1831 1906 1930 1938 non
1976 1899 2193 1955 spectant
2209 1928 2223 1952 ‚

1183 2024 1187 2027 ,
1210 1979 1263 2018 at
1287 1971 1639 2019 observantiam
1684 1972 1895 2019 servabit
1921 1980 1965 2019 et
2001 1974 2224 2038 affectum

1210 2051 1351 2106 illum
1376 2051 1605 2100 huniilem
1634 2047 1916 2116 suavemque
1942 2052 2224 2116 fidelitatem

1211 2150 1324 2196 crya
1349 2132 1453 2181 Dei
1471 2134 1666 2181 verbum
1680 2170 1694 2193 ‚
1722 2135 1827 2180 sine
1853 2133 2026 2197 quibus
2048 2136 2228 2200 impos<-

1211 2213 1350 2261 sibile
1389 2223 1458 2262 est
1498 2216 1659 2262 venire
1704 2215 1768 2263 ad
1791 2214 2071 2271 Christum.
2114 2214 2224 2280 Quae

1212 2306 1369 2344 tamen
1404 2289 1558 2344 onmia
1586 2305 1771 2360 accepta
1802 2296 1972 2344 referre
2000 2297 2223 2346 debemus

1213 2376 1576 2426 protestantismi
1607 2380 1852 2442 principio.

1284 2460 1351 2522 (l)
1387 2457 1707 2523 Archeoloqia
1742 2457 1917 2506 biblica
1939 2496 1952 2519 ‚
1987 2455 2013 2523 §
2059 2456 2162 2525 194
2184 2468 2230 2508 et

1189 2577 1191 2580 -
1214 2558 1341 2607 seqq.

1281 2623 1348 2687 (2)
1383 2623 1660 2670 Fatendum
1701 2631 1803 2683 est,
1850 2624 2035 2688 inquit,
2084 2619 2226 2683 Weg-

1214 2705 1422 2763 scheider
1449 2703 1475 2769 ξ
1507 2702 1595 2752 106
1609 2739 1628 2766 ,
1656 2703 1849 2768 sinqula
1874 2701 2225 2765 doemonoloqiae

1214 2770 1745 2834 biblico-ecclesiasticae
1761 2784 1948 2850 placita
1969 2821 1982 2841 ,
2019 2799 2074 2830 ea
2095 2799 2230 2847 prm-

1216 2867 1378 2913 sertim
1397 2903 1410 2926 ‚
1457 2882 1563 2930 quae
1609 2866 1674 2914 ad
1718 2867 1906 2931 effectus
1955 2863 2229 2913 daemonum

1217 2956 1453 3011 spectant,
1471 2948 1540 2994 ita
1564 2963 1660 2994 esse
1674 2955 1980 3012 comparata,
2000 2953 2055 2992 ut
2080 2960 2228 3008 ‘neque

1217 3045 1327 3076 cum
1357 3045 1470 3076 vera
1493 3028 1801 3094 philosophia
1830 3026 1925 3075 ullo
1954 3026 2090 3074 modo
2113 3042 2226 3073 con-

1220 3109 1388 3157 ciliari
1409 3112 1659 3175 possint...
1687 3126 1835 3175 neque
1854 3126 1963 3157 cum
1983 3105 2098 3156 aliis
2120 3107 2230 3171 qui-

1221 3191 1424 3239 busdam
1462 3190 1730 3258 Scripturas
1763 3207 1912 3240 sacroe
1937 3188 2191 3255 praeceptis
2213 3224 2226 3246 ,

1220 3289 1327 3336 quw
1360 3274 1583 3320 nuntietis
1613 3273 1773 3321 divini
1804 3279 2030 3320 naturam
2056 3269 2228 3335 optime

1224 3352 1484 3411 declarant.
