2580 4152
322 261 398 319 28
973 282 1170 321 TRACT.
1217 283 1285 319 DE
1329 283 1434 321 nno
1477 284 1784 324 CREATORE.

324 435 445 498 est,
479 435 679 483 utrum
714 447 929 507 nempe
966 427 1112 484 sacri
1153 426 1460 506 scriptores
1492 427 1556 484 in
1589 427 1908 487 referendis
1941 429 2053 488 illis
2085 426 2439 510 Angelorum

325 519 784 601 apparitionibus
812 542 920 579 nos
946 519 1285 601 deceperint
1303 566 1318 595 a
1349 542 1424 579 an
1456 543 1600 580 non.
1638 525 1787 582 Dato
1812 526 1971 583 enim
2002 525 2159 607 quod
2188 527 2312 585 istae
2341 548 2438 608 ap-

322 616 639 696 paritiones
691 638 843 681 verae
894 616 1013 673 sint
1032 661 1047 690 ,
1100 615 1259 697 quod
1307 638 1483 676 nemo
1530 616 1754 676 sobrius
1807 621 2104 698 negaverit
2128 667 2143 694 ,
2187 643 2440 702 pronum

325 722 410 769 est
452 711 667 770 inferre
708 757 723 785 ,
773 710 899 769 illas
957 732 1091 770 cum
1143 710 1424 791 dignitate
1489 710 1672 773 divini
1733 700 2002 774 Numinis
2055 716 2298 776 minime
2326 739 2441 798 pu-

329 828 532 886 gnare.

409 902 508 960 54.
559 903 649 961 Ad
672 902 780 977 4111,
805 904 967 963 Dist.
997 902 1065 961 Id
1094 913 1202 976 est7
1225 901 1578 982 Angelorum
1605 902 1810 978 cultui,
1837 926 2028 979 conc.;
2048 907 2442 988 superstitioni

325 998 561 1079 proprie
596 997 800 1075 dictae,
837 1001 1010 1058 subd.
1045 1021 1114 1058 ex
1154 1009 1319 1078 parte
1353 999 1720 1080 privatorum
1756 999 2146 1081 quorumdam
2167 1047 2183 1076 ,
2215 1014 2436 1074 traam

325 1113 432 1174 per
464 1115 525 1153 se
545 1139 560 1169 .,
587 1117 715 1174 neq.
751 1095 1103 1175 Angelorum
1135 1116 1275 1154 vero
1304 1093 1528 1152 cultum
1562 1117 1663 1153 suo
1692 1095 1816 1153 loco
1845 1095 2286 1157 vindicabimus,
2320 1096 2445 1157 Ab-

327 1187 573 1247 surdum
612 1211 787 1271 porro
827 1202 886 1250 et
921 1191 1171 1272 impium
1207 1201 1295 1248 est
1335 1189 1685 1270 praedicare,
1719 1192 1909 1250 Deum
1947 1191 2302 1272 Angelorum
2340 1214 2447 1274 ap-

326 1284 709 1364 paritionibus
765 1286 1241 1368 superstitionem
1280 1284 1377 1346 vel
1436 1285 1713 1344 inducere
1753 1287 1847 1347 vel
1901 1287 2118 1348 fovere.
2167 1289 2248 1346 Ex
2281 1287 2447 1346 dictis

325 1391 611 1461 praeterea
653 1393 883 1441 constat
911 1428 926 1456 ,
967 1382 1180 1440 falsum
1231 1401 1355 1439 esse
1398 1379 1559 1462 quod
1594 1380 1909 1441 adversarii
1956 1381 2202 1457 docent7
2257 1382 2450 1441 Chris-

328 1486 460 1535 tum
490 1498 799 1560 nunquam
830 1477 965 1536 data
1008 1499 1184 1559 opera
1212 1475 1574 1556 Angelorum
1613 1476 1956 1536 tutelarium
1987 1479 2257 1536 notitiam
2280 1477 2450 1536 illus-

328 1581 512 1632 trasse
555 1585 657 1632 aut
700 1572 1158 1633 commendasse.
1194 1574 1409 1632 Contra
1444 1572 1662 1631 factum
1706 1571 1856 1631 nihil
1893 1573 2133 1631 omnino
2163 1571 2448 1650 ejusmodi

333 1668 660 1730 clamorum
676 1671 763 1730 vis
794 1670 973 1731 valet.
1568 1724 1573 1729 .

416 1764 516 1823 55.
565 1765 654 1825 Ad
684 1765 766 1822 5¹11
794 1766 943 1846 Ney.
983 1769 1360 1844 suppositum
1388 1766 1460 1823 de
1484 1766 1953 1823 narrationibus
1975 1766 2291 1843 onychiois,
2319 1785 2451 1844 quae

332 1859 564 1918 nullum
590 1860 750 1919 aliud
779 1861 1002 1920 habent
1029 1860 1480 1919 fundamentum
1503 1861 1614 1918 nisi
1641 1859 2106 1919 incredulitatem
2149 1869 2208 1919 et
2239 1860 2451 1940 impie-

333 1966 519 2014 tatem
554 1956 1050 2016 rationalistarum
1081 1968 1139 2015 et
1168 1956 1597 2016 neotericorum
1629 1954 1977 2014 biblicorum
1999 2001 2014 2030 .,
2039 1966 2107 2014 ut
2129 1976 2284 2037 saepe
2312 1954 2451 2013 alias

337 2050 801 2115 observavimuS.

418 2149 517 2207 56.
567 2148 698 2227 Obj.
751 2148 1022 2209 secunda.
1066 2151 1126 2207 1ο
1168 2147 1522 2229 Angelorum
1562 2148 1820 2207 custodia
1856 2168 2283 2230 supervacanea
2325 2158 2411 2205 est
2440 2191 2454 2220 .‚

339 2266 517 2326 quam
540 2247 693 2303 Deus
720 2246 843 2327 ipse
874 2267 981 2327 per
1001 2267 1060 2304 se
1091 2256 1337 2326 praestat
1358 2291 1373 2319 7
1401 2244 1631 2303 dicente
1660 2243 1849 2303 David
1880 2244 2009 2321 (Ps.
2042 2244 2227 2322 CXX)
2266 2265 2278 2299 :
2317 2242 2461 2301 Non

338 2342 695 2399 dormitabit
715 2363 899 2420 neque
923 2342 1178 2399 dormiet
1199 2386 1214 2415 ,
1246 2344 1356 2420 qui
1377 2342 1636 2400 custodit
1656 2341 1869 2399 Israel.
1900 2341 1970 2397 Et
1997 2360 2138 2397 sane
2165 2339 2252 2412 20,
2281 2338 2325 2395 si
2354 2337 2463 2394 An-

339 2436 450 2516 geli
477 2438 662 2495 nostri
691 2448 829 2495 sunt
856 2435 1122 2495 custodes
1144 2482 1159 2511 7
1196 2458 1298 2495 cur
1321 2458 1353 2495 a
1385 2435 1552 2496 nobis
1575 2448 1663 2495 tot
1689 2457 1813 2495 non
1841 2444 2041 2494 arcent
2057 2433 2414 2493 calamitates
2438 2476 2460 2504 ,

343 2531 553 2614 quibus
578 2544 921 2614 torquemur
947 2532 974 2588 Ρ
1002 2532 1067 2590 30
1099 2533 1214 2591 Cur
1250 2554 1357 2591 nos
1385 2554 1417 2591 a
1459 2531 1760 2614 patrandis
1788 2530 2097 2590 sceleribus
2125 2551 2247 2587 non
2273 2548 2462 2586 remo-

342 2627 532 2691 vent?
560 2627 724 2687 Adde
753 2628 817 2685 4⁰
842 2649 953 2688 nec
974 2650 1144 2710 posse
1173 2627 1417 2708 Angelos
1449 2628 1754 2710 praecipuis
1783 2627 1996 2685 nostris
2027 2617 2462 2684 necessitatibus

345 2724 616 2807 opitulari
646 2771 661 2799 7
695 2747 824 2807 quae
859 2726 1105 2784 internae
1141 2716 1308 2796 s'untg
1342 2725 1451 2805 ipsi
1483 2745 1622 2782 vero
1652 2724 1890 2781 intimos
1928 2720 2189 2780 cordium
2226 2728 2462 2776 nostro-

344 2843 477 2878 rum
508 2831 700 2879 motus
746 2822 989 2881 minime
1025 2830 1364 2900 agnoscunt.
1407 2820 1472 2877 50
1518 2819 1897 2878 Ethnicorum
1930 2816 2103 2897 igitur
2141 2812 2351 2872 fabulae
2390 2811 2463 2871 de

351 2917 532 2995 geniis
566 2915 804 2975 cuilibet
841 2917 1069 2975 homini
1113 2914 1515 2975 assistentibus
1554 2915 1835 2993 originem
1873 2911 2165 2970 dederunt
2205 2907 2464 2989 opinioni

351 3010 424 3069 de
452 3010 805 3091 Angelorum
847 3012 1052 3070 tutela.

435 3107 534 3165 57.
585 3109 757 3189 Resp.
801 3107 890 3166 Ad
934 3108 1013 3164 111¹
1050 3107 1201 3187 Ney.
1232 3106 1391 3165 Sicut
1419 3105 1578 3164 enim
1615 3106 1768 3163 Deus
1796 3123 2022 3160 summa
2050 3098 2330 3181 sapientia
2366 3119 2466 3156 sua

350 3202 690 3263 immediate
741 3202 1026 3283 gubernat
1057 3201 1389 3260 Ecclesiam
1422 3246 1437 3274 7
1492 3211 1551 3259 et
1588 3198 1838 3257 mediate
1886 3218 1993 3279 per
2032 3195 2371 3253 Pontificem
2412 3204 2471 3252 et

353 3300 663 3380 Episcopos
685 3345 700 3374 7
730 3320 795 3357 ac
823 3320 1000 3377 regna
1034 3319 1140 3380 per
1174 3296 1494 3378 principes,
1530 3295 1607 3352 sic
1655 3315 1760 3374 per
1791 3291 2036 3371 Angelos
2071 3289 2346 3370 peculiari
2383 3308 2470 3344 ra-

355 3395 514 3453 tione
535 3407 595 3454 et
623 3394 934 3454 Ecclesiam
975 3406 1035 3454 et
1058 3394 1326 3453 homines
1360 3389 1620 3470 singulos
1657 3387 1909 3447 mediate
1945 3385 2226 3461 custodit,
2264 3395 2323 3442 et
2356 3383 2469 3439 im—

356 3490 608 3551 mediate
636 3512 743 3573 per
770 3491 1014 3571 gratiam
1048 3511 1212 3549 suam
1236 3489 1346 3569 (l).

440 3588 541 3647 58.
590 3585 684 3647 Ad
705 3587 787 3644 2¹¹¹
807 3598 866 3646 et
881 3586 986 3661 3¹1¹,
1007 3586 1387 3668 Reponimus‚
1419 3584 1523 3643 has
1547 3578 1913 3640 difficultates
1938 3578 2113 3638 etiam
2133 3597 2227 3636 eos
2245 3592 2469 3651 urgere,

428 3791 499 3857 (l)
537 3792 630 3841 Cfr.
663 3793 710 3841 S.
738 3793 824 3841 Th.
856 3812 901 3859 q.
932 3796 1011 3841 cit.
1042 3803 1128 3841 art.
1164 3810 1199 3840 1.
