2580 4152
381 213 459 275 86

1031 242 1227 279 TRACT.
1273 243 1343 281 DE
1385 244 1490 281 DEO
1534 244 1835 284 CREATORE.

382 390 756 461 sequeretur,
787 380 1184 441 recedendum
1214 405 1337 444 esse
1363 406 1397 444 a
1429 389 1814 447 communiori
1854 388 1951 448 illa
1985 390 2468 473 interpretatione
2487 438 2503 466 7

378 495 510 556 quae
538 476 904 557 privatorum
940 487 1062 552 est,
1094 499 1217 536 11011
1256 491 1452 539 autem
1492 481 1752 541 Ecclesiae
1782 509 1798 557 ς
1829 483 1951 543 haec
1977 497 2174 544 autem
2203 484 2369 544 nullo
2403 508 2508 544 un-

380 593 561 652 quam
604 570 853 629 solemni
886 571 1105 649 judicio
1145 594 1275 635 eam
1325 577 1604 653 sancivit3
1650 600 1843 660 neque
1895 581 2190 639 unanimis
2231 592 2318 639 est
2358 581 2506 639 circa

382 687 515 725 eam
548 668 787 724 Patrum
817 688 1167 743 consensu83
1197 682 1351 728 sarta
1385 671 1632 752 proinde
1671 684 1939 756 tectaque
1969 697 2201 757 semper
2239 679 2508 734 mosai‘cae

375 762 755 840 cosmogoniae
793 763 1008 822 veritas
1044 764 1350 846 perstabit.

465 855 603 914 184.
647 857 945 917 Nonnulla
974 870 1177 919 tamen
1213 860 1308 919 hic
1350 861 1821 922 animadvertere
1853 868 2044 942 juvat.
2093 866 2163 923 Et
2210 867 2270 925 1ο
2312 865 2509 924 omnia

373 952 497 1012 fere
526 950 943 1038 obsoleverunt
974 966 1292 1036 systemata
1323 955 1421 1015 illa
1452 957 1738 1037 geologica
1758 1004 1772 1033 7
1807 981 1936 1040 quae
1968 959 2043 1018 ad
2070 959 2190 1019 haec
2218 961 2336 1020 fere
2363 972 2510 1020 tem-

375 1069 520 1130 pora
546 1049 780 1108 invecta
810 1062 947 1108 sunt
967 1097 982 1125 7
1035 1073 1107 1110 ex
1150 1051 1363 1133 quibus
1404 1052 1721 1135 plusquam
1766 1056 2058 1135 octoginta
2088 1060 2357 1115 mosaicae
2384 1078 2509 1115 cos—

379 1144 668 1223 mogoniae
704 1144 1002 1205 adversari
1049 1146 1407 1208 videbantur
1449 1148 1559 1230 (1).
1616 1150 1683 1206 20
1737 1150 1937 1210 Plures
1985 1152 2140 1233 iique
2195 1150 2510 1211 doctissimi

375 1237 602 1320 physici
635 1251 695 1298 et
721 1239 941 1321 geologi
963 1288 978 1317 7
1006 1242 1162 1302 inter
1195 1265 1338 1324 quos
1379 1242 1687 1303 Wallerius
1723 1245 1810 1326 (2)
1832 1292 1847 1320 7
1881 1247 2120 1309 Kirwan
2158 1246 2249 1326 (3)
2276 1245 2461 1305 Pallas
2491 1289 2506 1320 7

378 1334 868 1415 Hermenegildus
897 1338 1024 1396 Pini
1067 1337 1156 1419 (4)
1178 1384 1193 1413 7
1228 1338 1547 1398 Henslerus
1575 1339 1696 1420 (5),
1735 1343 1819 1400 De
1846 1343 1964 1400 Luc
2006 1342 2095 1421 (6)
2116 1388 2131 1414 7
2165 1342 2363 1400 Andre
2389 1341 2506 1422 (7)7

376 1428 712 1490 Buckeland
753 1431 841 1511 (8)
874 1432 1087 1515 aliique
1110 1479 1124 1507 7
1176 1434 1543 1493 contendunt
1582 1439 1900 1494 mosaicam
1935 1438 2367 1516 cosmogoniam
2401 1458 2507 1518 ap-

376 1526 570 1608 prime
617 1524 930 1589 convenire
960 1550 1109 1590 ,cum
1156 1528 1661 1589 observationibus
1704 1531 1819 1589 suis
1849 1530 2101 1612 (plures
2142 1552 2214 1590 ex
2252 1531 2343 1590 his
2387 1553 2509 1589 non

378 1621 708 1683 recedendo
732 1645 765 1682 a
788 1625 1088 1683 communi
1105 1623 1204 1684 illa
1222 1625 1719 1708 interpretatione
1747 1626 1837 1706 (9)
1858 1672 1874 1702 7
1901 1626 2151 1710 ideoque
2179 1626 2338 1689 velut
2364 1621 2512 1686 som-

449 1844 519 1909 (l)
555 1843 656 1893 Cfr.
685 1843 910 1893 Discorsi
927 1843 1210 1910 apoloqetici
1233 1845 1289 1893 di
1301 1845 1355 1892 F
1353 1862 1396 1893 r.

380 1926 607 1977 Duncan
621 1965 633 1988 7
650 1927 890 1977 corredati
903 1927 958 1976 di
971 1936 1077 1976 note
1097 1927 1162 1975 da
1178 1928 1397 1993 blonsiq.

1484 1846 1619 1893 saica
1634 1849 1973 1895 commentario
1992 1846 2250 1908 illustrata,
2270 1848 2306 1896 F
2309 1848 2512 1897 lorentiae

1497 1925 1644 1994 1817.
1680 1927 1781 1976 Hoc
1811 1947 1917 1979 vero
1942 1929 2153 1979 Wallerii
2170 1942 2370 1997 systema
2385 1949 2513 1979 nunc

388 2010 504 2059 Gio.
559 2009 833 2058 Fortunato
880 2009 1159 2068 Zamb0m·‚
1212 2010 1403 2059 Firenze
1487 2010 1748 2059 obsoletum
1775 2022 1860 2060 est.

389 2089 548 2152 1820,
583 2092 698 2140 disc.
732 2109 802 2152 11,
845 2102 947 2141 not.
997 2090 1055 2141 15
1086 2103 1131 2141 et
1156 2110 1289 2158 seqq.
1320 2093 1402 2140 ubi

1558 2092 1621 2153 (3)
1660 2093 1835 2141 Nuova
1851 2095 2000 2142 teoria
2020 2093 2144 2141 della
2161 2103 2288 2142 terra
2308 2133 2321 2154 7
2348 2112 2509 2160 opusc.

380 2171 519 2238 plura
557 2183 798 2239 systemata
827 2184 1151 2234 recensentur,
1183 2191 1288 2240 quae
1316 2175 1403 2223 sibi
1489 2175 1535 2223 di
1568 2175 1742 2223 Milano
1763 2214 1776 2235 7
1813 2187 1929 2224 tom.
1959 2193 2044 2223 xm
2079 2188 2124 2225 et
2157 2175 2235 2226 15.

382 2257 585 2305 invicem
603 2267 941 2306 successerunt.
963 2255 1060 2304 Cfr.
1086 2260 1227 2305 etiam
1247 2257 1405 2322 Frays-

384 2340 543 2388 sinous
561 2339 687 2399 710c.
716 2343 797 2389 cit.
822 2357 910 2388 nec
937 2357 1034 2388 non
1063 2338 1258 2400 Cuvier7
1284 2340 1409 2406 Rap-

378 2429 496 2487 port
539 2421 595 2469 de
624 2420 861 2470 l'institut
897 2421 1152 2484 παίἱοηαῖ,
1191 2423 1303 2475 edit.
1348 2424 1407 2472 ad

386 2504 562 2553 calcem
599 2507 749 2571 operis
769 2542 782 2565 7
815 2505 876 2554 de
909 2524 1004 2571 quo
1027 2523 1135 2553 mox
1162 2506 1372 2554 dicemus
1393 2543 1405 2564 7

387 2585 562 2637 scilicet
592 2605 607 2636 ε
644 2587 848 2637 ΤΙιὲονί0
863 2589 920 2637 de
939 2588 988 2636 la
1007 2588 1198 2654 surface
1214 2588 1411 2638 actualle

390 2669 449 2718 de
469 2668 517 2717 la
549 2677 671 2719 terre
687 2687 785 2736 par
810 2674 894 2722 M.
926 2671 1101 2720 Andre
1121 2708 1134 2730 7
1163 2688 1323 2719 comm
1338 2673 1409 2719 ci-

389 2753 567 2801 devaemt
593 2769 704 2801 sous
741 2752 783 2801 le
821 2770 934 2802 nom
965 2753 1034 2801 du
1061 2753 1172 2803 Pere
1208 2753 1277 2803 De
1304 2754 1407 2821 Gy,

392 2834 602 2900 Capucin
621 2870 637 2896 ,
677 2832 803 2884 1806
823 2874 835 2896 7
867 2854 971 2901 pag.
1003 2837 1101 2886 322
1129 2847 1175 2886 et
1194 2854 1328 2903 seqq.

466 2916 533 2982 (2)
577 2917 632 2966 ln
655 2934 791 2982 opere
823 2921 874 2965 in
899 2919 1110 2967 italicum
1153 2919 1325 2967 idioma
1353 2935 1411 2967 ex

395 2997 545 3047 Sueco
564 3036 577 3057 7
607 3014 687 3048 seu
716 3003 869 3064 potius
890 3017 943 3048 ex
967 3000 1129 3065 gallico
1160 3001 1378 3049 translato
1396 3039 1409 3061 7

394 3083 472 3130 cui
489 3081 651 3129 titulus
669 3092 737 3130 est
753 3098 767 3129 :
789 3080 930 3130 Della
942 3083 1131 3146 oriqine
1147 3081 1224 3130 del
1241 3081 1414 3130 mondo

395 3181 422 3211 e
460 3162 582 3211 della
628 3172 756 3212 terra
791 3165 848 3212 in
875 3163 1168 3230 particolare
1200 3163 1279 3212 del
1316 3150 1412 3229 019.

396 3262 505 3303 cuv,
560 3244 646 3294 W
642 3244 810 3294 allerio
834 3283 846 3305 7
892 3258 980 3295 etc.
1027 3245 1193 3311 Napoli
1248 3243 1374 3313 1783
1398 3283 1413 3310 7

396 3338 510 3376 tom.
542 3345 610 3396 11,
644 3331 695 3376 in
721 3325 776 3376 8ο
793 3365 807 3389 7
837 3329 961 3378 edito
988 3328 1047 3377 ab
1078 3339 1265 3377 auctore
1291 3347 1416 3378 anno

405 3427 551 3478 1779·
595 3410 748 3478 Hujus
786 3422 940 3460 autem
980 3414 1176 3461 auctoris
1214 3421 1415 3478 systema

399 3494 718 3543 dissertatione
747 3496 956 3559 exposuit
990 3504 1036 3543 et
1067 3495 1313 3542 illustravit
1340 3493 1413 3542 Cl.

399 3574 527 3625 Cost.
549 3576 723 3625 Battini
741 3614 754 3636 7
772 3563 938 3625 Ordin.
958 3575 1088 3626 Serv,
1112 3575 1267 3624 Mariae
1290 3613 1302 3635 7
1322 3594 1420 3624 non

399 3659 462 3705 ita
479 3658 661 3722 pridem
684 3658 923 3724 theologiae
936 3658 1163 3725 professor
1185 3661 1235 3707 in
1254 3658 1419 3708 Pisano

398 3736 652 3803 Athenaeo,
693 3743 743 3789 in
781 3756 917 3807 opere
960 3740 1276 3806 Cosmoqonia
1317 3759 1419 3790 mo-

1559 2258 1625 2321 (Ιι)
1661 2257 1717 2306 111
1747 2258 2151 2307 observationibus
2194 2262 2246 2308 in
2284 2259 2512 2308 Geneseos

1491 2340 1592 2388 loca
1625 2340 1810 2389 selecta.

1563 2423 1626 2486 (5)
1668 2423 1720 2470 ln
1759 2420 2031 2488 Geoloqical
2057 2440 2195 2487 essay
2215 2462 2226 2480 7
2252 2442 2301 2489 p.
2335 2421 2417 2473 35.

1564 2505 1627 2566 (6)
1664 2507 1850 2553 Lettres
1888 2523 1974 2553 sur
2013 2504 2246 2554 l’histoire
2278 2506 2514 2571 physique

1495 2588 1551 2635 de
1579 2586 1625 2636 la
1652 2596 1773 2635 terre
1791 2627 1803 2648 7
1839 2588 2078 2636 adres-sees
2112 2589 2143 2636 ὰ
2173 2588 2252 2637 Μ.
2287 2588 2509 2635 Blumen-

1495 2670 1650 2731 bach,
1691 2670 1817 2718 Paris
1859 2669 2004 2738 1798.

1565 2754 1628 2815 (7)
1672 2752 1878 2800 ΤΙιέονὶε
1924 2753 1981 2799 010
2009 2751 2058 2799 la
2095 2750 2285 2815 surface
2317 2750 2514 2799 actuelle

1495 2835 1552 2888 de
1576 2835 1623 2883 la
1650 2844 1771 2882 terre
1788 2871 1802 2897 7
1835 2835 1960 2883 Paris
1991 2831 2136 2882 1806.

1562 2919 1630 2979 (8)
1671 2914 1722 2965 V
1718 2917 1919 2966 indicia?
1981 2915 2231 2980 yeoloqicoe
2263 2951 2276 2974 7
2344 2913 2514 2963 Oxonii

1505 2998 1624 3047 1821
1650 3017 1664 3062 3
1706 3010 1750 3048 et
1778 2999 1858 3046 De
1890 2998 1937 3046 la
1957 2998 2163 3063 qeoloqie
2185 2997 2305 3044 etde
2342 2997 2389 3045 la
2420 2999 2515 3045 mi-

1497 3081 1738 3148 neraloqie
1763 3081 1887 3128 dam
1917 3080 2043 3128 leurs
2076 3088 2295 3145 rapports
2322 3096 2435 3127 avec
2467 3078 2515 3127 Ia

1498 3164 1724 3230 theoloqie
1750 3162 1983 3211 naturelle
1999 3199 2014 3225 7
2037 3162 2156 3209 Paris
2188 3160 2334 3212 1838.

1569 3247 1632 3309 (9)
1669 3246 1774 3294 Dixi
1785 3246 1955 3311 plures
1975 3263 2028 3293 ex
2049 3245 2119 3292 his
2134 3262 2230 3292 non
2256 3244 2515 3292 recedendo

1501 3348 1527 3379 a
1543 3330 1781 3378 communi
1797 3329 2171 3393 interpretatione
2192 3343 2206 3390 3
2223 3344 2376 3392 neque
2391 3327 2515 3374 enim

1502 3429 1662 3460 omnes
1679 3447 1695 3472 ,
1717 3428 1833 3477 quos
1845 3412 2162 3459 recensuimus
2180 3412 2392 3457 mosaicae
2414 3424 2515 3456 cos-

1500 3496 1724 3560 mogoniae
1772 3504 2161 3558 propugnatores,
2213 3509 2290 3539 sex
2331 3491 2514 3539 dierum

1499 3579 1646 3642 spatio
1686 3576 1859 3640 vulgari
1889 3593 2027 3624 sensu
2065 3583 2249 3638 accepto
2283 3572 2514 3620 mundum

1501 3659 1766 3708 confectum
1785 3675 1880 3707 esse
1898 3656 2202 3706 contendunt.
2226 3654 2344 3703 Satis
2365 3653 2424 3701 sit
2441 3655 2514 3701 in-

1505 3750 1574 3790 ter
1603 3759 1678 3791 eos
1715 3757 1949 3789 recensere
1980 3739 2028 3788 J.
2060 3737 2118 3788 A.
2157 3736 2226 3786 De
2264 3736 2390 3796 Luc,
2433 3736 2515 3801 qui
