2580 4152
311 319 469 355 PART.
496 317 537 353 1.
563 313 685 353 GAP.
718 313 775 354 V·
800 313 870 350 DE
895 312 1185 351 DAEMONUM
1213 313 1329 351 CUM
1358 312 1666 350 HOMINIBUS
1694 310 2038 351 COMMERCIO.
2150 292 2222 349 61

126 482 254 518 sum
278 457 414 516 inde
459 466 702 536 apparet
735 452 1072 513 earumdem
1109 455 1349 536 aequitas
1383 454 1580 534 legum
1601 452 1858 535 7quibus
1894 454 2099 513 nefarii
2133 476 2229 513 au-

126 576 220 612 sus
246 563 304 612 et
342 561 579 611 conatus
621 560 1072 630 compescuntur
1115 548 1568 608 facinorosorum
1607 548 1917 607 hominum
1939 594 1953 622 7
1987 550 2085 630 qui
2114 549 2230 608 tale

126 645 472 705 diabolicum
502 643 912 702 commercium
946 654 1286 724 pertentant
1321 689 1337 717 7
1367 644 1463 703 vel
1500 643 1609 702 sibi
1651 655 1923 723 arrogant
1966 665 2100 702 cum
2132 645 2227 702 in—

123 741 282 820 genti
321 751 448 797 tum
468 738 757 817 religionis
784 749 913 796 tum
943 738 1226 796 societatis
1255 739 1533 820 pernicie.
1566 739 1695 797 Dixi
1723 741 2029 818 reliqionis
2052 784 2066 813 7
2094 739 2228 819 quia

122 845 190 892 -ut
214 833 531 914 plurimum
566 832 954 913 polytheismo
983 843 1155 913 atque
1186 831 1511 891 idololatria
1543 854 1602 891 se
1624 832 1929 914 polluunt,
1960 834 2058 914 qui
2085 837 2230 911 ejus-

125 927 284 986 modi
329 926 834 1009 superstitionibus
876 926 1019 985 dant
1056 948 1294 1008 operam
1323 972 1338 1001 7
1386 949 1419 985 a
1468 926 1678 1007 quibus
1724 927 1909 1007 magia
1952 949 2085 986 cum
2111 928 2228 986 suis

127 1021 369 1081 surculis
417 1023 695 1101 originem
739 1022 989 1105 primam
1031 1020 1279 1093 habuit3
1326 1020 1447 1078 dixi
1478 1026 1809 1095 ‘sooz'etatz‘s7
1840 1022 1974 1102 quia
2011 1023 2230 1103 pariter

128 1129 194 1175 ut
229 1115 548 1197 plurimum
588 1116 657 1174 ad
696 1116 916 1174 malum
956 1117 1170 1188 finem,
1226 1135 1326 1173 seu
1370 1125 1438 1171 ut
1483 1126 1734 1172 noceant
1762 1159 1779 1187 7
1811 1118 1911 1195 qui
1948 1117 2230 1193 ejusmodi

128 1211 268 1269 artis
305 1222 572 1269 exercent
601 1254 617 1283 7
646 1231 746 1268 seu
767 1206 1363 1290 potiusexercebant3
1410 1218 1539 1265 tum
1570 1208 1747 1267 etiam
1790 1210 1923 1289 quia
1964 1212 2230 1289 ignoran-

130 1305 213 1363 tia
232 1349 247 1378 7
277 1303 615 1361 credulitate
645 1348 660 1377 7
687 1301 1004 1361 terroribus
1029 1301 1410 1384 popularibus
1440 1301 1891 1362 abutunturseu
1915 1303 2231 1365 abuteban-

131 1409 227 1457 tur
263 1396 338 1455 ad
374 1395 617 1478 populos
657 1396 718 1453 in
754 1417 817 1455 re
868 1397 1202 1487 gravissima
1240 1395 1611 1478 decipiendos
1657 1418 1721 1456 ac
1774 1397 2225 1478 perturbandOS.

124 1490 264 1551 Inde
287 1490 697 1572 profluxerunt
720 1493 896 1550 etiam
917 1491 1070 1570 leges
1091 1490 1285 1550 civiles
1309 1501 1433 1549 tum
1454 1491 1616 1573 apud
1640 1491 1900 1550 ethnicos
1925 1503 2052 1551 tum
2067 1495 2229 1576 apud

124 1585 475 1644 Christianos
497 1631 512 1660 7
540 1608 682 1667 quas
723 1588 1120 1645 Protestantes
1151 1586 1261 1667 ipsi
1295 1587 1666 1646 retinuerunt
1698 1586 1773 1645 ad
1816 1588 2098 1665 ejusmodi
2134 1590 2231 1649 de-

122 1679 256 1738 licta
278 1679 581 1761 plectenda
605 1681 715 1759 (l).
751 1682 1123 1762 Quacumque
1150 1680 1396 1761 proinde
1427 1702 1495 1740 ex
1530 1692 1696 1763 parte
1727 1693 2064 1761 spectentur
2086 1689 2232 1762 ejus-

123 1774 281 1833 modi
307 1774 459 1854 leges
497 1786 557 1833 et
578 1776 640 1833 in
668 1774 927 1856 qualibet
952 1775 1260 1858 hypothesi
1280 1821 1296 1850 7
1326 1786 1553 1835 constat
1586 1777 1822 1835 nonnisi
1845 1778 2137 1859 sapienter
2165 1801 2230 1839 ac

124 1872 375 1946 jure'eas
403 1869 575 1929 fuisse
600 1870 965 1929 constitutas·

924 2089 1407 2132 DIFFICULTATES.

209 2226 345 2285 127.
393 2225 522 2305 Obj.
559 2227 770 2308 primo.
800 2229 972 2307 Leges
996 2273 1012 2302 7
1044 2250 1171 2309 quae
1200 2228 1440 2306 ‘nullum
1469 2227 1760 2307 obJectum
1778 2229 1933 2290 reale
1965 2229 2191 2292 habent
2209 2278 2225 2307 7

46 2328 47 2331 ’
131 2320 329 2380 inanes
359 2343 588 2403 prorsus
616 2333 756 2380 sunt
784 2343 847 2380 ac
874 2323 1228 2403 perniciosae.
1259 2323 1424 2383 Tales
1459 2344 1595 2384 vero
1625 2336 1763 2383 sunt
1787 2324 1939 2404 leges
1963 2325 2098 2385 latae
2130 2326 2232 2385 ad-

130 2434 328 2474 ver-sus
360 2418 606 2498 magiam
643 2438 707 2476 ac
738 2418 925 2478 varias
970 2421 1090 2496 ejus
1120 2419 1333 2499 species
1365 2465 1380 2494 7
1423 2421 1912 2500 tumrpraesertim
1952 2420 2229 2481 adversus

128 2528 286 2587 sagas
332 2530 396 2568 ac
433 2509 633 2570 lamias
660 2537 675 2584 ς
706 2510 919 2592 quibus
958 2513 1026 2570 20
1052 2512 1269 2572 sactum
1294 2524 1382 2573 est
1400 2560 1416 2589 7
1447 2525 1514 2573 ut
1536 2536 1644 2596 per
1671 2526 1759 2574 tot
1786 2515 1992 2575 saecula
2018 2538 2225 2599 super-

193 2700 261 2765 (l)
298 2699 421 2765 Quin
451 2701 650 2765 singulas
678 2701 797 2765 leges
815 2710 974 2749 contra
1000 2704 1123 2767 ejus-

127 2783 251 2831 modi
283 2782 451 2831 delicta
479 2783 589 2831 olim
625 2782 738 2830 latas
776 2776 1090 2831 recenseamus
1109 2819 1130 2843 ,7

127 2866 229 2912 satis
256 2866 311 2912 sit
337 2864 500 2912 afferre
516 2899 530 2922 7
554 2880 656 2929 quae
683 2863 785 2929 Caj.
812 2863 847 2910 F
850 2864 1056 2927 ilangieri
1076 2867 1127 2912 in

129 2962 261 3010 opere
297 2944 368 2994 La
409 2948 604 2993 seienza
629 2945 752 2993 della
784 2944 1123 3009 leqislaz‘ione,

129 3035 243 3075 tom.
271 3044 346 3087 ιν,
375 3045 476 3093 cap.
505 3025 570 3090 45
589 3063 604 3090 7
631 3030 749 3075 circa
776 3028 949 3088 finem,
973 3028 1126 3076 decla-

130 3110 295 3156 mantis
325 3111 375 3156 in
410 3110 633 3169 modum,
668 3120 719 3158 nt
748 3110 889 3170 solet,
924 3110 1079 3158 scribit
1111 3126 1125 3157 ε

130 3189 189 3235 Io
216 3203 312 3235 non
329 3189 467 3255 parlo
495 3189 608 3238 delle
613 3207 763 3256 pene,
780 3190 862 3239 che
874 3192 1126 3239 sitrovano

129 3268 413 3335 minaceiate
436 3281 594 3321 contro
618 3271 666 3319 la
695 3275 857 3337 maqia
873 3273 931 3321 ed
958 3272 1001 3321 il
1026 3289 1127 3320 sor·

130 3348 307 3413 tileqio.
348 3350 405 3397 Il
442 3368 638 3401 comune
677 3354 820 3402 dritto
847 3356 897 3402 ci
920 3356 1034 3420 offro
1069 3371 1129 3402 su

128 3429 276 3494 quest’
313 3440 485 3496 oqqetto
535 3433 660 3500 leqqi
699 3436 754 3484 di
786 3434 970 3500 saraque
1008 3453 1033 3483 e
1076 3435 1131 3483 di

121 3511 280 3574 saoce.
307 3513 376 3560 Le
402 3513 524 3578 leqqi
541 3516 816 3582 principali
840 3517 960 3565 della
992 3534 1127 3581 ‘maq-

126 3594 232 3656 9ior
249 3602 391 3659 parte
419 3594 535 3643 delle
563 3600 767 3647 naziom'
800 3606 1010 3665 europee'
1030 3616 1128 3647 non

127 3672 288 3722 hanno
326 3675 380 3722 di
425 3674 508 3724 che
545 3678 788 3728 invidiare
828 3680 1058 3744 riquardo
1096 3697 1127 3728 a

124 3763 280 3817 questo
298 3764 454 3822 punto
492 3757 539 3807 la
577 3758 758 3823 ferocia
794 3761 849 3810 di
873 3760 1020 3826 quelle
1053 3760 1130 3810 del

1211 2703 1489 2751 moribundo
1523 2704 1724 2769 impero.
1766 2704 1862 2753 Has
1904 2722 2064 2754 omnes
2104 2706 2227 2771 leges

1213 2793 1369 2832 contra
1403 2802 1584 2849 magos,
1629 2785 1885 2845 veneficos,
1921 2796 2012 2835 etc.
2049 2787 2222 2852 colligit

1212 2864 1310 2912 Jos.
1347 2865 1491 2914 Maria
1524 2866 1789 2930 Maraviglia
1821 2869 1869 2914 in
1895 2885 1977 2916 sna
2010 2868 2230 2916 Pseudo-

1212 2947 1399 2994 mamia
1432 2955 1640 2994 veterum
1659 2956 1703 2995 et
1728 2950 2043 2997 recentiorum
2068 2949 2229 3016 explo-

1213 3044 1300 3086 8a;
1345 3028 1589 3077 Tartarotti
1630 3031 1680 3076 in
1721 3031 1976 3094 appendice
2017 3032 2074 3080 ad
2112 3049 2227 3097 opus

1214 3126 1350 3157 suum
1369 3109 1627 3174 Conqresso
1645 3119 1869 3159 nocturno
1882 3111 1999 3160 delle
2010 3111 2227 3173 lammi03

1213 3193 1264 3239 in
1291 3210 1500 3256 respons.
1536 3193 1595 3240 ad
1622 3192 1929 3256 Reginaldum
1958 3193 2082 3243 Catii
2101 3195 2225 3260 prof.

1213 3277 1483 3338 patavinum
1523 3275 1725 3322 ostendit
1755 3275 1874 3340 leges
1915 3275 2142 3341 ejusmodi
2178 3279 2229 3324 in

1214 3355 1446 3404 maleficos
1472 3355 1585 3403 latas
1604 3355 1668 3403 'ab
1694 3355 1941 3421 AEgyptiis7
1962 3357 2132 3406 Graeeis
2157 3368 2223 3406 at-

1215 3454 1306 3502 que
1325 3437 1546 3485 Romanis
1575 3426 1716 3485 fuisse
1733 3476 1747 3498 7
1768 3438 1909 3504 idque
1924 3441 2091 3487 evincit
2110 3455 2221 3487 auc·-

1214 3520 1395 3567 toritate
1434 3518 1551 3566 Ern.
1590 3518 1822 3582 Floerkii7
1871 3522 1922 3566 in
1962 3537 2096 3583 opere
2139 3518 2223 3567 De

1214 3602 1421 3649 crimine
1434 3602 1783 3666 conjurationis
1795 3603 2059 3667 spirituum
2071 3638 2084 3661 7
2104 3618 2144 3649 c.
2158 3617 2193 3668 9
2211 3639 2226 3664 7

1216 3679 1243 3747 §
1277 3697 1304 3728 2
1328 3718 1342 3741 7
1374 3682 1404 3730 3
1421 3718 1435 3744 ,
1469 3693 1515 3730 et
1544 3681 1666 3731 Justi
1684 3683 1856 3748 Lipsii7
1886 3686 1938 3731 in
1965 3698 2142 3732 excurs.
2167 3684 2225 3731 in

1225 3762 1390 3815 Taciti
1414 3761 1605 3813 Annal.
1644 3764 1683 3814 l.
1714 3781 1749 3813 ιι
1768 3801 1781 3826 ,
1807 3761 1833 3829 §
1860 3763 1944 3812 32.
