2580 4152
439 175 600 212 mar.
642 175 900 212 111..cA1›.
949 175 1028 213 v1.
1075 177 1143 213 nn
1186 177 1416 214 ru'rmu
1457 175 1687 213 Homms
1730 176 1887 216 vlu.
2104 157 2222 235 305

119 318 261 376 sime
290 338 355 376 ea
388 315 876 396 pervestigarent
903 318 1222 396 nobisque,
1246 318 1404 396 quid
1424 321 1508 376 eis
1531 319 1847 392 videatur
1879 330 2218 400 eoeponant

118 422 185 469 ut
212 413 336 492 ipse
363 410 622 491 loquitur
650 410 763 490 (1).

197 505 337 565 677.
381 505 449 562 2⁰
489 504 636 562 Cum
683 504 993 585 accepisset
1042 503 1328 582 ejusmodi
1371 468 1820 580 collectionem,
1868 506 1928 564 in
1970 528 2085 588 qua
2132 530 2221 566 ar-

117 610 389 679 gumenta
414 619 521 679 pro
540 609 784 679 utraque
810 609 977 678 parte
1004 596 1380 679 prostabant
1400 598 1770 658 calumniam
1779 551 1923 658 sibi
1907 613 2225 683 impactam

116 714 238 752 esse
255 714 287 750 a
311 692 609 751 malevolis
629 737 644 765 ‚
676 692 839 773 quasi
863 693 1105 771 neganti
1125 692 1434 751 sententiae
1456 693 1690 752 favisset
1707 738 1723 768 ,
1754 694 2224 760 adscitiseodem

115 809 271 846 anno
286 786 684 846 Cardinalibus
699 785 1080 868 per‘publicos
1097 785 1440 845 tabelliones
1463 798 1823 867 protestatus
1842 801 1954 864 est,
1971 812 2033 849 se
2056 813 2223 851 nun—

114 904 301 961 quam
326 887 565 961 9essisse
600 886 670 939 in
708 885 911 939 animo
943 882 1207 939 decidere
1248 883 1338 939 vel
1363 882 1597 940 credere
1618 927 1634 955 ,
1651 884 1828 960 quod
1846 896 1987 943 esset
2016 893 2226 964 quovis

111 979 284 1035 modo
312 978 645 1055 Scripturoe
669 976 870 1033 Sacroe
898 976 1141 1034 obvium
1167 977 1256 1033 vel
1280 980 1658 1034 contrarium
1680 977 1830 1054 fidei
1854 982 2189 1040 orthodooeae
2199 1025 2222 1054 ,

114 1070 413 1152 voluitque
437 1081 504 1128 ut
537 1069 662 1129 haec
687 1069 1028 1150 protestatio
1072 1067 1327 1128 inorbe
1361 1069 1635 1135 universo
1675 1069 1992 1132 christiano
2022 1074 2224 1156 publi-

117 1176 347 1224 caretur
386 1163 494 1244 (2).
536 1163 767 1222 Litteris
803 1174 1082 1244 praeterea
1123 1162 1198 1222 ad
1238 1183 1434 1242 regem
1467 1162 1804 1244 Philippum
1831 1164 1980 1225 datis
2010 1169 2226 1230 calum-

114 1260 277 1318 niam
301 1258 572 1318 eamdem
590 1256 707 1315 illic
721 1256 1158 1316 disseminatam
1177 1279 1209 1316 a
1223 1278 1283 1316 se
1297 1256 1662 1338 propulsavit
1684 1262 2011 1340 praesertim
2032 1266 2227 1344 quoad

104 1353 258 1412 >duos
285 1352 448 1426 illos
475 1352 575 1434 qui
599 1351 757 1410 missi
794 1352 1086 1411 Lutetiam
1120 1350 1585 1433 perhibebantur
1614 1351 1689 1411 ad
1725 1373 1856 1412 eam
1895 1353 2223 1419 doctrinam

112 1398 553 1530 propagandam
585 1445 698 1527 (3).

198 1543 334 1601 678.
380 1542 444 1600 30
470 1541 722 1601 Invaluit
758 1540 1047 1599 calumnia
1078 1562 1253 1622 opera
1282 1541 1609 1621 praesertim
1642 1507 1879 1602 illorum
1906 1543 2226 1611 schismati-

115 1657 349 1711 corum,
392 1636 493 1718 qui
529 1634 806 1696 favebant
840 1635 1129 1696 Ludovico
1164 1637 1418 1708 Bavaro‚
1457 1638 1616 1712 cujus
1644 1634 1843 1696 odium
1875 1638 2226 1701 simultates-

116 1752 230 1812 que
272 1731 550 1792 adversus
589 1730 748 1789 hunc
780 1731 950 1811 pium
997 1729 1349 1791 Pontificem,
1375 1749 1445 1788 eo
1480 1738 1649 1788 erant
1690 1751 2037 1811 progressae,
2075 1746 2143 1794 ut
2173 1737 2226 1795 ei

115 1827 451 1907 opposuerit
487 1826 822 1906 antipapam
854 1826 1092 1884 Petrum
1115 1823 1197 1882 de
1229 1823 1523 1883 Corbaria.
1561 1822 1738 1882 Falsis
1791 1828 2076 1904 ejusmodi
2121 1851 2224 1888 ru-

115 1919 375 1980 moribus
407 1919 635 2000 decepti
669 1929 807 1976 sunt
852 1917 1125 1976 nonnulli
1183 1919 1491 1999 scriptores
1540 1916 1735 1980 minus
1775 1921 1852 1986 inv
1885 1924 2227 1984 Pontificem

116 2015 427 2097 propensi,
455 2015 554 2096 qui
587 2012 967 2072 calumniosas
991 2011 1163 2072 hasce
1187 2033 1355 2074 voces
1377 2012 1580 2094 pronis
1610 2013 1845 2074 auribus
1869 2031 2227 2099 exceperunt

115 2109 475 2191 posterisque
503 2108 951 2167 transmiserunt
975 2106 1086 2186 (4).

201 2204 341 2262 679.
387 2202 454 2262 40
483 2205 601 2262 Nec
635 2201 946 2262 Durandus
974 2199 1286 2261 Meldensis
1322 2202 1636 2283 Episcopus
1671 2203 1780 2262 fuit
1810 2225 1842 2263 a
1870 2204 2096 2266 Joanne
2131 2207 2227 2266 in-

119 2298 395 2380 quisituS‚
437 2318 628 2379 neque
674 2296 924 2356 Thomas
964 2295 1218 2355 Valesius
1239 2342 1254 2371 7
1299 2296 1418 2358 sed.
1441 2296 1615 2356 ambo
1645 2319 1678 2356 a
1707 2297 1841 2358 fidei
1867 2300 2222 2381 quaesitore3

119 2392 431 2452 Durandus
460 2392 699 2474 quidem
732 2390 806 2450 ob
841 2412 1109 2450 erroneas
1139 2391 1706 2473 aliquottsententias
1722 2436 1742 2465 ,
1773 2415 1916 2475 quas
1953 2395 2229 2456 dissemi—

84 2493 87 2496 ’
119 2500 364 2551 naverat
402 2489 464 2546 in
510 2486 661 2546 libro
706 2508 740 2546 a
782 2508 843 2546 se
882 2485 1208 2568 conscripto
1243 2486 1368 2567 (5);
1416 2485 1671 2546 Valesius
1707 2508 1776 2547 eo
1799 2488 1956 2569 quod
1990 2490 2223 2572 impru-

190 2720 250 2784 (1)
288 2720 387 2770 Cfr.
419 2720 642 2787 Raynaldi
660 2757 674 2780 ‚
704 2719 823 2768 ibid.
860 2719 920 2768 ad
950 2736 1127 2768 annum
1209 2736 1306 2768 esse
1326 2721 1446 2767 circa
1462 2736 1514 2766 ea
1530 2755 1543 2779 ‚
1560 2734 1662 2784 quae
1676 2718 1733 2767 de
1744 2717 1925 2767 Joanne
1941 2736 2036 2767 xxu
2050 2721 2223 2769 retule-

129 2816 147 2848 1
159 2800 257 2865 334
275 2839 288 2862 ‚
316 2821 449 2851 num.
490 2818 574 2867 27.
1207 2811 1291 2861 rat.
1306 2799 1381 2848 Ait
1394 2803 1537 2849 enim:
1551 2800 1612 2849 Si
1622 2801 1906 2848 assertiones
1917 2799 2055 2871 *illius
2064 2801 2111 2863 (J
2114 2820 2224 2850 oan-

192 2882 261 2946 (2)
293 2882 491 2932 Ibidem.
1112 2893 1116 2896 “
1207 2883 1307 2946 nis)
1329 2881 1403 2930 vel
1428 2897 1570 2947 opera
1597 2880 1739 2929 aliter
1762 2883 2062 2951 recitaverim
2078 2900 2223 2948 quam

192 2963 259 3029 (3)
299 2963 417 3013 lbid.
452 2964 604 3031 Hujus
641 2966 981 3029 protestationis
1028 2981 1129 3012 me-
1209 2961 1381 3010 haheat
1408 2965 1586 3010 veritas
1607 2999 1619 3021 ‚
1652 2963 2027 3027 repet-tatoribus
2062 2966 2226 3031 impu-

123 3046 358 3093 minerunt
416 3047 553 3094 etiam
603 3046 1031 3112 pseudo-minoritae
1085 3055 1129 3094 et
1210 3053 1366 3092 tetur.
1387 3079 1398 3092 .
1421 3081 1431 3091 .
1461 3043 1587 3091 mihi
1625 3043 1936 3106 nullatenus,
1979 3047 2098 3110 quia
2137 3047 2225 3093 sub

92 3171 95 3174 .
123 3128 375 3191 praesertim
400 3125 670 3191 Bonagratia
688 3164 702 3187 ,
735 3127 944 3194 ejusdem
970 3128 1126 3192 ponti·
1208 3124 1297 3173 illa
1317 3126 1479 3190 fhrma
1510 3124 1638 3173 mihi
1667 3127 1864 3174 recitata
1884 3126 2106 3190 fuerunt.
2137 3128 2224 3194 (In

96 3251 98 3254 ,
123 3206 222 3255 ficis
252 3206 586 3256 infensissimus
616 3208 779 3258 hostis.
1210 3205 1420 3272 Dialoqo
1434 3242 1451 3268 ‚
1471 3217 1590 3272 part.
1612 3223 1640 3254 2
1655 3245 1667 3268 ,
1691 3217 1820 3256 tract.
1844 3223 1873 3256 2
1889 3245 1902 3267 ‚
1933 3209 2020 3256 sub
2041 3209 2220 3271 finem).

194 3287 258 3349 (la)
283 3287 600 3337 Genebrardus
619 3325 632 3349 ,
660 3288 837 3338 Ocham
851 3326 865 3350 ‚
881 3287 1127 3337 Ciaconius
1278 3289 1346 3353 (ὅ)
1383 3288 1494 3338 Tres
1511 3291 1802 3353 potissimum
1817 3290 2005 3338 fuerunt
2021 3307 2192 3338 errores
2207 3326 2220 3350 ‚

124 3378 419 3417 recensentur
436 3387 461 3416 a
487 3368 654 3418 Bzovio
675 3369 824 3432 ‚Ord.
845 3369 992 3418 Praed.
1011 3372 1131 3417 inter
1212 3372 1262 3418 in
1284 3387 1401 3437 quos
1420 3370 1700 3435 Durandum
1730 3370 2011 3419 Meldensem
2036 3370 2226 3434 Episco-

87 3476 91 3479 -
123 3448 361 3498 Pontificis
393 3449 659 3506 malevolos.
698 3449 799 3500 Cfr.
841 3453 892 3499 in
938 3448 1128 3499 Annal.
1180 3469 1364 3516 «pum,
1404 3452 1637 3501 doctorem
1673 3452 2061 3500 robustissimum
2098 3469 2224 3499 nun-

125 3530 286 3579 eccles.
306 3531 363 3579 ad
380 3549 557 3583 annum
578 3531 722 3580 1331.
738 3531 960 3582 lnterhos
978 3543 1134 3580 tamen
1217 3542 1463 3597 (sapatum,
1495 3534 1605 3583 fidei
1639 3535 1934 3602 inquisitores
1956 3530 2224 3597 prolapsum

84 3653 90 3660 .
127 3609 361 3662 Ochamus
396 3621 551 3678 aperte
592 3613 817 3689 ostendit,
855 3630 903 3664 se
937 3613 1135 3665 dubium
1176 3613 1657 3682 deprehenderunt,
1697 3631 1813 3681 quos
1843 3615 1921 3662 hic
1966 3630 2063 3662 non
2095 3623 2227 3663 vacat

286 3706 352 3764 T.
400 3707 499 3766 111.
1571 3697 1574 3700 ⁴
1904 3707 1983 3767 20
2057 3697 2060 3701 ⁴
