2580 4152
265 247 339 304 12
911 271 1106 312 rnAc‘r.
1152 273 1223 312 nr.
1255 275 1373 336 ¹mio
1416 276 1722 316 cummim.

338 411 440 470 22.
476 411 684 471 Fulciri
722 423 1003 495 praeterea
1039 415 1192 473 hanc
1234 415 1505 477 eamdem
1545 418 1872 479 doctrinam
1900 423 2242 483 auctoritate
2267 425 2379 484 Pa-

258 517 420 571 trum
443 518 572 565 tum
601 510 931 567 Graecorum
960 520 1089 567 tum
1120 511 1459 571 Latinorum
1484 513 1651 573 facile
1679 515 2029 575 ostenditur.
2061 519 2180 576 Etsi
2218 521 2379 578 enim

255 601 524 684 plerique
550 625 621 662 ex
650 605 788 686 ipsis
808 650 823 678 7
854 615 920 662 ut
940 605 1204 685 superius
1232 607 1529 667 innuimus
1549 654 1566 684 7
1586 610 1898 669 videantur
1915 633 2121 693 corpus
2143 613 2379 696 aliquod

252 699 484 778 Angelis
513 699 802 774 tribuere7
832 699 1003 779 longe
1031 699 1230 782 plures
1254 714 1454 763 tamen
1483 706 1813 786 spirituales
1841 710 2075 789 prorsus
2102 721 2161 770 et
2186 710 2379 770 incor-

251 815 463 875 poreos
484 795 729 875 Angelos
759 793 1083 876 praedicant
1101 796 1221 878 (l).
1250 799 1339 858 Ne
1362 810 1563 858 tamen
1586 800 1874 881 longiores
1897 805 2074 863 simus
2099 805 2161 864 in
2183 806 2380 887 profe-

251 889 449 949 rendis
474 892 821 950 testimoniis
840 937 856 965 7
884 890 959 949 ad
977 891 1250 972 quaedam
1274 893 1458 953 veluti
1483 896 1671 976 capita
1694 897 2094 959 revocabimus
2117 902 2379 982 ipsorum

252 984 405 1044 dicta
425 1031 440 1060 7
474 1008 544 1045 ex
572 986 784 1068 quibus
811 999 965 1047 certa
1001 987 1464 1069 deprehenditur
1487 1012 1692 1050 eorum
1719 995 2030 1053 sententia.
2060 996 2139 1055 Ac
2170 998 2233 1055 10
2255 998 2377 1056 An-

250 1081 407 1162 gelos
456 1082 784 1163 spirituales
833 1084 1158 1165 praedicant
1175 1130 1189 1158 7
1245 1086 1344 1167 qui
1399 1107 1495 1145 eos
1545 1086 1751 1146 dicunt
1794 1090 2162 1170 incorporeos
2192 1135 2208 1165 7
2256 1092 2377 1154 sive

250 1185 543 1257 ἀσωμάτους.
587 1177 753 1237 Tales
787 1200 961 1260 porro
989 1191 1129 1238 sunt
1164 1201 1238 1239 ex
1276 1181 1489 1239 Graecis
1533 1183 1840 1261 Gregorius
1876 1184 2374 1291 Thaumat'urgus7

250 1273 372 1334 sive
400 1284 568 1333 vetus
598 1285 800 1332 auctor
831 1273 1096 1334 Homiliae
1122 1275 1467 1354 cujusdam
1451 1298 1514 1334 1n
1543 1276 1958 1385 Theopliania7
1986 1280 2085 1360 qui
2114 1301 2210 1339 eos
2240 1280 2380 1340 dicit

250 1373 636 1448 incorporeas
669 1374 918 1428 virtutes
950 1370 1011 1448 (⁶)
978 1371 1074 1450 >7
1106 1373 1275 1451 Greg.
1317 1374 1648 1451 Nyssenus7
1685 1374 1786 1454 qui
1823 1373 2070 1453 Angelos
2099 1380 2380 1455 incorpo-

249 1486 420 1538 ream
452 1477 801 1524 ereaturam
828 1467 1099 1524 nominat
1123 1464 1244 1546 (3)·
1231 1513 1246 1540 7
1280 1469 1450 1546 Greg.
1477 1468 1620 1526 item
1649 1469 1917 1527 Nazianz.
1942 1515 1957 1544 7
1986 1471 2085 1551 qui
2111 1470 2379 1531 eamdem

248 1573 525 1620 naturam
561 1564 999 1642 intelligibilem
1028 1573 1085 1621 et
1109 1567 1527 1643 incorpoream
1553 1563 1754 1623 laudat
1783 1564 1904 1643 (4);
1943 1564 2219 1624 Eusebius
2251 1567 2377 1626 Cae-

251 1677 395 1732 sar.7
412 1657 514 1739 qui
528 1678 657 1717 eam
673 1670 1094 1718 commemorat
1115 1660 1523 1720 substantiam
1545 1663 1987 1741 incorpoream7
2006 1671 2063 1720 et
2078 1673 2379 1744 comparat

229 1883 233 1889 '
320 1874 391 1941 (1)
429 1877 631 1926 Thomas
647 1878 948 1928 Aletinusseu
963 1882 1117 1944 potius
1131 1878 1270 1929 Joan.

252 1957 460 2008 Clericus
488 1963 539 2008 in
572 1971 669 2009 not.
701 1959 770 2025 64
796 1962 854 2010 ad
886 1979 991 2027 cap,
1033 1963 1095 2022 37
1133 1961 1217 2011 lib.
1255 1979 1273 2010 1

253 2041 311 2091 de
340 2040 461 2108 Ang.
493 2041 520 2109 S
558 2059 617 2091 12
647 2044 821 2097 Petavii
842 2081 854 2105 7
885 2054 939 2092 ut
965 2044 1061 2093 suis
1094 2045 1272 2108 faveat3

252 2124 355 2173 haec
382 2125 580 2174 scribere
603 2144 701 2174 non
730 2126 959 2175 dubitavit
982 2126 1041 2174 ad
1070 2129 1271 2191 eripien-

254 2207 370 2255 dum
405 2207 542 2255 nobis
572 2209 731 2256 omnia
764 2207 951 2257 Patrum
978 2211 1267 2269 testimonia,

254 2306 359 2355 quae
385 2290 583 2354 Angelos
608 2291 860 2356 spirituales
872 2291 1153 2356 praedicant:
1179 2289 1271 2338 Di-

255 2370 456 2436 liqenter
489 2372 835 2420 observandum
864 2390 1029 2439 corpus
1058 2382 1102 2421 et
1127 2383 1271 2422 mate-

255 2456 373 2502 riam
389 2453 584 2520 duplici
600 2471 746 2503 sensu
767 2457 899 2503 sumi
922 2455 1056 2522 apud
1081 2464 1270 2504 veteres.

255 2536 540 2602 Aliquando
577 2539 647 2586 ita
687 2546 860 2586 vocant
891 2537 1130 2603 quidquid
1175 2554 1274 2586 non

258 2628 328 2667 est
365 2637 458 2686 per
502 2637 550 2668 38
592 2619 915 2684 intelliqentia
958 2620 1227 2686 praeditum
1256 2657 1269 2680 7

259 2704 527 2766 quantaevis
579 2705 645 2750 sit
688 2704 978 2764 tenuae'tati33
1021 2702 1103 2750 sed
1151 2719 1274 2767 saepe

259 2786 406 2832 etiam
433 2785 511 2832 his
539 2785 733 2833 vocibus
759 2784 1035 2850 intelliqunt
1063 2787 1273 2834 crassio-

260 2883 362 2914 rem
395 2876 580 2915 tantum
600 2870 884 2933 materiam,
912 2885 1003 2933 quo
1033 2885 1175 2916 sensu
1199 2884 1276 2915 ne·

260 2957 379 3013 qant
404 2947 615 3013 Anqelos
646 2966 742 2996 esse
771 2967 1012 3014 corporeos
1045 2958 1133 2997 aut
1169 2965 1276 2996 ma-

262 3029 469 3079 teriales.
499 3030 633 3079 Nam
665 3032 902 3094 ceteroqui
917 3030 1135 3095 plerique
1157 3031 1278 3077 exis·

262 3114 440 3160 timant
452 3111 501 3160 A
503 3111 661 3175 nqelos
677 3129 774 3160 esse
786 3113 1066 3160 tenuissimo
1087 3127 1279 3176 corpore

264 3194 477 3242 indutos.
516 3190 642 3242 Vide
684 3195 889 3242 indicem
942 3193 1279 3258 Philologicum

264 3277 533 3342 philosoph.
562 3276 809 3325 Orientalis
843 3275 935 3324 Th.
967 3275 1187 3335 Stanleii,
1224 3275 1281 3324 de

267 3358 324 3406 de
346 3375 454 3406 voce
489 3361 678 3406 materia
699 3396 711 3418 ‚
746 3367 789 3406 et
819 3358 876 3405 de
906 3360 1140 3405 sententia
1168 3366 1282 3406 vete-

266 3458 378 3488 rum
407 3440 463 3487 de
490 3438 784 3504 Anqelorum
814 3448 990 3487 natura
1024 3437 1280 3488 Illustriss.

269 3521 368 3570 Pet.
414 3521 535 3570 Dan.
574 3521 832 3581 Huetium7
871 3520 976 3587 Ep.
1014 3520 1283 3569 Abrincen-

270 3619 368 3650 sem
382 3639 398 3665 ,
434 3605 489 3651 in
516 3605 693 3651 eximio
713 3602 1096 3670 Origeniauorum
1125 3620 1282 3669 opere,

270 3683 356 3733 lib.
383 3702 418 3732 11
438 3723 451 3746 7
478 3693 645 3751 quoest.
677 3704 706 3734 v
719 3721 736 3748 ‚
761 3694 804 3733 et
831 3687 889 3732 in
912 3686 1037 3733 notis
1062 3685 1126 3733 ad
1144 3685 1293 3750 Orige.

273 3783 381 3816 nem
398 3801 414 3828 ,
446 3785 551 3833 pag.
589 3765 678 3819 65.
707 3767 825 3817 Nisi
846 3766 944 3815 hoec
967 3767 1112 3834 probe
1145 3767 1293 3816 obser-

682 3851 725 3895 Ψ

1359 1888 1559 1942 ventur,
1580 1881 1667 1928 via:
1676 1881 1857 1945 poterit
1869 1878 2078 1944 intelliqi
2090 1879 2210 1944 quid
2230 1877 2380 1928 velint

1359 1969 1537 2011 veteres
1556 2000 1569 2024 ,
1603 1971 1647 2011 et
1669 1978 1828 2011 secum
1860 1964 2008 2011 etiam
2033 1979 2156 2027 soepe
2177 1970 2282 2010 tum
2306 1964 2377 2010 vi-

1358 2045 1601 2093 debuntur
1629 2062 1853 2111 puqnare
1873 2080 1890 2107 ‚
1939 2062 2049 2093 eum
2083 2044 2184 2093 sibi
2229 2061 2376 2110 quam

1357 2130 1570 2176 maxime
1586 2135 1822 2176 constant.
1843 2129 1901 2176 At
1918 2137 2218 2193 praeterquam
2249 2127 2374 2193 quod

1358 2209 1557 2259 Huetius
1575 2210 1631 2259 de
1645 2209 1862 2257 omnibus
1881 2211 2132 2258 universim
2162 2208 2376 2257 Patribus

1359 2294 1553 2340 minime
1575 2292 1784 2358 loquitur
1802 2329 1816 2352 7
1851 2291 2095 2370 plewsque
2123 2290 2276 2339 Patres
2302 2308 2376 2339 vo·

1359 2391 1461 2423 cem
1488 2370 1729 2440 Spiritum,
1760 2390 1868 2422 cum
1896 2373 1954 2422 de
1986 2371 2266 2439 Angelorum
2288 2391 2375 2421 na·-

1358 2466 1460 2504 tura
1494 2457 1725 2505 disserunt
1742 2493 1755 2516 7
1787 2457 1943 2503 stricto
1970 2473 2107 2503 sensu
2134 2471 2381 2519 usurpasse

1359 2556 1412 2587 ex
1436 2541 1492 2586 iis
1510 2576 1523 2598 7
1557 2556 1658 2604 quae
1674 2538 1752 2586 hic
1767 2539 1818 2585 in
1832 2538 2037 2586 medium
2070 2538 2342 2602 protulimus
2356 2572 2372 2597 ,

1359 2638 1519 2689 eorum
1547 2622 1820 2669 testimoniis
1853 2621 2136 2684 apertissime
2165 2627 2371 2681 constat7

1359 2705 1605 2768 praesertim
1635 2720 1688 2751 ex
1713 2705 1769 2750 iis
1789 2740 1802 2761 7
1831 2704 1913 2768 qui
1939 2719 2015 2750 eos
2034 2699 2375 2764 intelliqentias

1359 2796 1556 2844 vocant,
1574 2793 1774 2845 mentes,
1793 2783 2085 2832 substantias
2099 2781 2375 2846 intelliqen-

1360 2877 1457 2927 tes,
1488 2866 1756 2932 simplices,
1784 2867 1889 2912 sine
1916 2857 2138 2924 materia,
2172 2875 2260 2913 etc.
2295 2865 2377 2913 Po·

1361 2959 1511 2998 terant
1542 2966 1602 2997 ne
1639 2950 1839 3012 apertius
1871 2949 2054 3012 proprie
2086 2948 2256 2996 dictam
2283 2951 2377 3013 spi-

1361 3031 1574 3079 ritualem
1589 3040 1801 3078 naturam
1818 3029 2098 3094 Angelorum
2116 3034 2381 3094 exponere?

1363 3130 1414 3161 eo
1467 3111 1540 3160 vel
1583 3113 1738 3175 maqis
1801 3112 1929 3177 quod
1974 3112 2139 3160 iisdem
2190 3112 2380 3160 vocibus

1364 3205 1584 3254 utantur,
1612 3210 1719 3242 cum
1745 3193 1802 3242 de
1821 3194 2043 3258 spirituali
2071 3192 2240 3242 Divina
2265 3194 2379 3242 sub-

1366 3279 1533 3325 stantia
1563 3276 1856 3341 loquuntur?

1437 3358 1501 3423 (2)
1538 3357 1634 3406 Cfr.
1665 3356 1820 3405 Petav.
1850 3355 2380 3421 DeAnqeli371ib017

1368 3458 1468 3506 cap.
1498 3439 1549 3490 3.

1436 3521 1506 3587 (3)
1540 3518 1804 3585 'Accipiam
1833 3518 2000 3570 κτίσιν.
2036 3516 2180 3569 Com.
2207 3518 2384 3569 Euno-

1370 3606 1556 3665 mium,
1586 3603 1671 3652 lib.
1702 3621 1800 3663 1117
1835 3613 1880 3652 et
1903 3602 2011 3651 alibi
2043 3603 2112 3651 ib.

1446 3686 1512 3750 (14)
1550 3683 1726 3741 Nom-»lv
1767 3683 1843 3735 noti
1878 3682 2141 3749 decimator.
2174 3682 2244 3731 lb.
