2580 4152
365 132 488 192 222
1022 155 1228 193 TRACT.
1276 157 1345 192 nn
1388 156 1492 193 1)Εο
1536 160 1847 198 CREATORE.

365 307 458 356 est
484 342 499 372 .‚
523 306 582 356 et
609 296 832 377 pariter
867 293 1218 354 damnatum
1245 295 1308 354 in
1335 299 1733 380 propositione
1761 300 1838 360 49
1867 293 2008 381 Baji‚
2035 323 2162 384 quae
2185 302 2264 362 sic
2292 317 2489 366 sonat:

363 396 470 456 Ea·
509 392 817 452 habituali
856 392 1154 450 voluntate
1206 393 1555 452 dominante
1590 394 1699 470 fit,
1737 406 1809 454 nt
1840 400 2148 476 parvulus
2190 400 2500 459 discedens

364 494 494 550 sine
520 489 992 566 regenerationis
1018 498 1392 546 sacramento
1415 533 1430 562 a
1462 489 1705 567 qnando
1731 510 1914 549 visum
1945 496 2200 552 rationis
2221 516 2500 554 conseca-

361 598 457 646 tas
479 588 627 652 erit,
657 584 979 642 actualiter
1001 583 1200 644 Deum
1229 585 1362 643 odio
1388 584 1607 643 haheat
1627 629 1643 660 ,
1672 585 1874 644 Deum
1893 587 2253 667 blasphemet
2295 601 2352 649 et
2382 592 2501 671 leffe

364 682 488 743 Dea·
513 689 809 759 repnynet
829 678 941 758 (l).

446 774 585 834 469.
630 776 713 833 Ex
757 773 848 833 his
908 796 1085 856 porro
1113 820 1128 850 7
1181 796 1312 857 quae
1361 779 1525 855 juxta
1584 774 1866 836 doctrinae
1924 777 2222 840 catholicae
2274 781 2500 862 regulas

314 938 315 941 Ἴ
364 871 813 955 explanavimus
851 870 926 931 de
961 872 1188 954 peccati
1229 871 1525 952 originalis
1577 883 1789 931 natura
1813 918 1828 948 ,
1870 877 2287 956 propagatione
2312 890 2373 937 et
2411 879 2501 938 ef-

364 968 643 1043 fectibuS‚
671 990 930 1050 pronum
959 979 1047 1027 est
1088 968 1304 1028 inferre
1338 967 1616 1030 adversus
1642 969 1977 1028 incredulos
2011 993 2023 1029 :

449 1064 591 1124 470.
647 1066 707 1123 10
743 1063 902 1123 Nihil
941 1064 1118 1144 igitur
1146 1063 1327 1124 habet
1361 1063 1573 1144 dogma
1605 1064 1679 1125 de
1709 1076 1946 1147 peccato
1976 1066 2239 1147 originali
2267 1073 2504 1149 ejusque

367 1161 827 1244 propagatione,
874 1160 1032 1242 quod
1080 1173 1255 1220 rectae
1303 1162 1530 1221 ratione
1578 1161 1941 1222 adversetur.
2003 1165 2288 1236 Quaenam
2342 1164 2503 1224 enim

373 1259 601 1340 concipi
638 1257 1026 1339 repugnantia
1061 1268 1256 1340 potest
1298 1258 1359 1316 in
1400 1279 1466 1317 eo
1488 1304 1503 1333 .,
1549 1258 1708 1340 quod
1744 1261 1897 1319 Deus
1938 1258 2013 1318 ob
2043 1259 2280 1342 culpam
2317 1261 2506 1320 homi·

370 1374 513 1413 nem
565 1352 951 1435 expoliaverit
1008 1353 1273 1432 gratuitis
1316 1352 1484 1412 donis
1519 1399 1536 1430 ‚
1594 1353 1804 1436 quibus
1846 1355 2041 1437 ipsum
2094 1378 2166 1415 ex
2215 1379 2361 1439 pura
2401 1379 2504 1417 sua

367 1448 719 1509 liberalitate
763 1448 1217 1509 cumulaverat?
1266 1452 1390 1509 Imo
1437 1451 1632 1530 potius
1675 1455 1797 1529 ejus
1852 1450 2086 1510 bonitas
2140 1453 2203 1510 in
2241 1473 2310 1511 eo
2352 1474 2507 1512 com-

371 1543 709 1605 mendanda
751 1554 839 1603 est
872 1590 887 1619 .,
928 1544 1087 1626 quod
1126 1556 1214 1604 tot
1256 1566 1323 1605 ac
1371 1546 1550 1605 tantis
1601 1544 1773 1605 bonis
1812 1547 2008 1628 ipsum
2057 1548 2307 1627 gratuito
2362 1548 2509 1608 dita-

377 1641 531 1702 verit
560 1639 670 1720 (2).
2379 1713 2382 1715 ⁵

457 1736 602 1796 471.
653 1737 721 1794 20
748 1736 986 1795 Frustra
1009 1736 1186 1817 igitur
1210 1737 1802 1801 insultantincreduli
1828 1738 2120 1798 catholicae
2138 1738 2275 1799 fidei
2295 1784 2310 1813 7
2343 1740 2507 1821 quasi

372 1832 500 1892 haec
533 1832 611 1891 acl
646 1832 1063 1914 exponendam
1106 1835 1591 1915 propagationem
1625 1835 1847 1916 peccati
1887 1834 2181 1914 originalis
2233 1833 2501 1910 doceret,

374 1928 535 2012 quod
573 1927 908 1994 voluntates
934 1941 1153 1990 nostrae
1189 1936 1525 2009 conjunctae
1558 1952 1660 1993 seu
1693 1932 1947 1990 inclusoe
1974 1941 2167 1990 essent
2211 1930 2274 1988 in
2300 1931 2508 1991 volun-

376 2037 497 2087 tate
543 2026 789 2102 Adami‚
834 2027 956 2087 sive
999 2038 1296 2108 spectetur
1345 2039 1413 2086 ut
1449 2038 1625 2109 caput
1668 2026 1975 2108 physicum
2005 2072 2021 2101 ,
2062 2027 2184 2088 sive
2221 2037 2288 2085 ut
2330 2038 2508 2109 caput

447 2242 516 2309 (l)
555 2243 655 2292 Hoc
694 2246 848 2309 ipsum
884 2244 1275 2293 animadverterat
1319 2244 1393 2294 Cl.

378 2326 449 2376 De
478 2326 653 2376 Rubeis
674 2364 687 2387 ,
709 2326 832 2374 Diss.
865 2329 949 2376 cit.
980 2343 1084 2392 cap.
1121 2324 1218 2390 46,
1255 2345 1307 2378 n.
1331 2326 1361 2375 3
1383 2364 1396 2388 ‚

1483 2245 1627 2311 hujus
1689 2262 1818 2295 noxae
1866 2249 2243 2310 propagationem
2296 2250 2509 2311 exposuit

1486 2327 1700 2392 exemplo
1725 2330 1844 2393 regis
1874 2328 2094 2376 tradentis
2112 2328 2306 2377 seudum
2325 2329 2510 2379 subdito

378 2411 452 2459 his
478 2408 665 2461 verbis:
695 2409 840 2477 Quod
860 2411 917 2457 in
946 2409 1187 2475 oriyinali
1203 2418 1400 2476 peccato

372 2502 715 2561 permanenter
741 2501 786 2540 et
813 2494 970 2540 instar
998 2492 1193 2541 habitus
1214 2501 1283 2541 est
1303 2530 1316 2553 ‚
1346 2494 1402 2540 in

380 2577 564 2642 defecta
588 2578 806 2625 consistit
826 2614 839 2635 ‚
866 2593 965 2624 non
983 2578 1040 2624 in
1064 2575 1226 2641 aliquo
1247 2592 1403 2643 pravo

381 2659 646 2707 intellectus
668 2658 869 2725 jndicio
892 2697 906 2719 ‚
946 2676 1098 2724 neque
1139 2661 1195 2706 in
1236 2658 1404 2723 aliqua

374 2759 535 2808 pra-va
547 2741 813 2791 voluntatis
828 2744 1137 2790 conversione
1154 2743 1211 2790 in
1228 2742 1406 2790 bonnm

382 2823 749 2886 commutabile3
777 2824 861 2871 sed
889 2832 1101 2873 attamen
1136 2841 1194 2872 ex
1232 2842 1285 2873 eo
1325 2823 1407 2871 de-

378 2906 511 2972 fectu
548 2908 838 2971 coqnitionis
879 2909 937 2955 in
971 2906 1212 2956 intellectu
1251 2907 1409 2955 oritur

386 2987 617 3037 habilitas
657 2990 761 3054 ejus
808 2988 873 3038 ad
911 2990 1177 3041 errandum
1195 3027 1209 3049 ‚
1262 2998 1307 3038 et
1349 3005 1409 3037 ex

386 3070 572 3136 desecta
599 3071 911 3119 rectitudinis
929 3073 986 3119 in
1015 3074 1232 3138 appetitu
1252 3073 1410 3120 oritur

388 3152 601 3220 ejusdem
630 3151 859 3200 habilitas
883 3153 951 3202 ad
982 3155 1265 3203 inordinate
1293 3171 1410 3202 con-

388 3235 733 3302 cupiscendum
754 3273 766 3294 ‚
789 3243 834 3283 et
855 3253 914 3284 ea·
943 3236 1127 3302 desecta
1156 3236 1411 3286 rectitudi-

389 3321 472 3367 nis
491 3320 549 3366 in
576 3317 819 3366 voluntate
839 3320 996 3369 oritur
1001 3321 1227 3385 pronitas
1251 3317 1413 3373 volan-

390 3403 506 3450 tatis
533 3400 599 3449 ad
613 3417 795 3466 pravos
820 3417 1091 3450 consensus.

427 3486 492 3550 (2)
507 3483 725 3550 Apposite
740 3483 879 3533 Joan.
900 3485 1103 3534 Fonseca
1123 3523 1134 3544 ‚
1155 3484 1413 3534 Stabiensis

394 3566 594 3615 Antistes
616 3604 629 3628 ‚
659 3565 786 3632 apud
816 3566 1104 3628 pallavicini,
1130 3566 1313 3615 Istoria
1340 3566 1417 3615 del

398 3647 614 3697 Concilio
641 3648 696 3696 di
732 3648 940 3710 Trento,
982 3649 1069 3699 lib.
1099 3667 1165 3698 vn
1186 3688 1198 3710 ‚
1220 3668 1325 3715 cap.
1350 3647 1410 3711 8,

1486 2428 1570 2458 suo
1588 2447 1601 2469 ‚
1626 2422 1678 2458 ut
1704 2411 1763 2458 ad
1789 2420 1990 2474 posteros
2020 2414 2254 2476 perveniat
2282 2411 2369 2461 sub
2394 2429 2514 2460 con-

1488 2490 1666 2541 ditione
1707 2492 1974 2552 fidelitatis,
2016 2512 2041 2541 a
2074 2511 2166 2559 qua
2206 2496 2243 2541 si
2287 2494 2510 2553 deficiat,

1489 2577 1637 2641 privet
1661 2593 1708 2624 se
1735 2586 1777 2624 et
1797 2585 2001 2641 posteros
2027 2593 2152 2624 suos.
2183 2575 2407 2624 Observat
2427 2593 2513 2623 au-

1491 2668 1585 2707 tem
1613 2659 1859 2709 historicus
1891 2661 1998 2708 satis
2030 2658 2168 2707 fuisse
2196 2658 2322 2705 istud
2354 2675 2513 2707 exem-

1492 2742 1626 2807 plum
1660 2744 1848 2791 intentae
1880 2760 1908 2790 a
1944 2740 2148 2789 Fonseca
2177 2739 2509 2805 explicationi,

1493 2842 1575 2889 per
1602 2842 1741 2890 quam
1768 2824 1919 2873 solum
1934 2840 2160 2888 exponere
2178 2823 2514 2883 contendebat,

1495 2924 1589 2973 quo
1611 2917 1745 2973 paeto
1773 2905 1901 2956 Deus
1928 2905 1988 2954 ob
2008 2906 2194 2954 alterius
2218 2923 2389 2953 noxam
2407 2905 2515 2953 abs-

1495 3007 1586 3056 que
1614 2991 1841 3056 injustitia
1874 2988 2070 3038 multare
2105 3005 2189 3036 nos
2212 2997 2380 3053 posset.
2414 2986 2516 3052 Qua

1496 3087 1604 3120 vero
1628 3074 1812 3121 ratione
1839 3069 2112 3136 hujusmodi
2140 3088 2263 3119 noxa
2303 3080 2516 3118 nostrum

1498 3155 1710 3203 omnium
1747 3152 1884 3218 culpa
1929 3163 2116 3201 vocetur
2139 3190 2151 3211 ‚
2208 3152 2394 3201 alterius
2449 3161 2518 3200 est

1498 3238 1764 3303 quaestionis
1780 3273 1793 3296 ‚
1822 3254 1964 3302 quam
1985 3236 2063 3284 alii
2086 3236 2264 3284 ibidem
2293 3251 2517 3299 exposue-

1500 3329 1624 3369 runt.
1656 3317 1855 3368 Adverto
1896 3328 2051 3367 autem
2085 3318 2222 3382 longe
2254 3327 2361 3366 ante
2393 3316 2517 3363 Fon-

1501 3419 1652 3451 secam
1697 3401 1788 3449 hoc
1830 3400 1955 3450 idem
2000 3401 2264 3466 exemplum
2312 3399 2517 3446 attulisse

1500 3484 1551 3533 S.
1619 3482 1852 3532 Thomam
1912 3488 1962 3532 in
2031 3481 2322 3547 Compendio
2375 3477 2514 3527 theol.

1501 3584 1603 3633 cap.
1639 3583 1767 3615 cxcv.
