2580 4152
2116 216 2190 283 91

445 248 606 283 mar.
653 247 719 281 11.
768 242 891 280 car.
939 242 1005 279 112
1054 243 1123 277 nu
1166 224 1409 280 mosAi'cA
1451 235 1823 276 cosmocomA.

91 413 223 448 rum
255 387 469 468 mythis
499 384 792 444 simillima
818 382 1055 464 quidem
1081 427 1098 456 7
1132 381 1232 440 sed
1258 382 1326 440 iis
1356 378 1673 460 simplicior
1715 387 2004 456 estatque
2025 396 2195 456 praes-
2224 370 2225 373 ¹

92 485 309 543 tantior
328 528 344 557 .,
387 502 418 539 e
442 477 1038 561 philosophematibus
1068 488 1127 536 et
1152 474 1559 535 traditionibus
1589 471 2002 553 antiquissimis
2028 470 2195 530 vide-

92 592 188 638 tur
224 598 344 636 esse
380 572 644 634 conflata.
674 574 741 630 20
765 575 947 650 Hujus
975 583 1270 630 auctorem
1296 581 1450 629 recte
1476 578 1831 627 monuerunt
1856 565 1883 645 (
1910 564 2089 624 critici
2112 563 2197 622 bi-

94 671 266 750 blici)
295 670 404 728 hoc
439 670 502 727 in
528 669 730 750 primis
755 679 1069 748 utrumque
1095 665 1204 726 sibi
1241 664 1606 746 proposuisse
1634 685 1646 720 :
1682 664 1974 721 Primum
1996 670 2064 717 ut
2090 658 2196 717 Dei

97 766 268 824 unius
290 809 305 838 .,
332 785 529 822 rerum
562 764 826 821 omnium
855 761 1125 820 creatoris
1153 806 1168 834 .‚
1208 760 1511 826 notionem
1540 803 1554 831 ,
1588 769 1870 838 tanquam
1909 753 2197 833 religionis

90 871 149 918 et
179 858 424 918 civitatis
458 857 774 916 israeliticae
820 855 1272 914 fundamentum
1294 899 1310 927 ‚
1356 853 1466 912 hoc
1501 852 1851 911 documento
1886 850 2197 908 confirma—

88 965 208 1026 ret3
236 954 484 1026 deinde,
516 964 583 1010 ut
606 952 792 1031 legem
827 950 900 1009 de
940 951 1188 1032 septimo
1222 969 1454 1030 quoque
1502 946 1595 1006 die
1636 944 2027 1006 consecrando
2061 955 2199 1005 tan-

90 1070 266 1129 quam
296 1048 661 1129 aptissimum
690 1045 951 1126 obsequii
981 1047 1100 1103 Deo
1125 1043 1298 1120 hujus
1327 1042 1575 1131 civitatis
1601 1042 1722 1120 regi
1744 1040 2061 1122 praestandi
2089 1051 2201 1131 tes-

95 1142 407 1200 timonium
463 1141 782 1199 illustraret
831 1150 891 1198 et
947 1136 1401 1196 commendaret...
1467 1134 1533 1193 30
1585 1136 1778 1207 Quum
1830 1155 1971 1195 vero
2023 1136 2085 1193 in
2133 1156 2200 1195 ea

93 1237 425 1312 narratione
467 1234 744 1315 pleraque
782 1232 1228 1304 contineantur,
1271 1252 1401 1310 quae
1446 1249 1641 1310 neque
1676 1229 1832 1288 inter
1867 1251 1928 1288 se
1952 1274 1970 1303 ,
2000 1250 2200 1310 ,neque

95 1352 226 1390 cum
261 1351 397 1390 vera
438 1328 696 1387 numinis
736 1326 863 1386 idea
886 1370 902 1400 ,
945 1347 1136 1407 neque
1179 1347 1314 1384 cum
1355 1324 1595 1384 historia
1629 1323 1850 1401 telluris
1873 1369 1888 1398 ,
1913 1335 2203 1405 quantum

93 1445 252 1482 nunc
281 1422 519 1504 quidem
552 1422 933 1503 perspicimus
951 1466 966 1496 .,
998 1419 1151 1480 bene
1174 1419 1465 1480 conciliari
1496 1430 1742 1501 possunt
1768 1444 1784 1492 ς
1814 1418 1982 1478 facile
2019 1418 2203 1479 intel-—

92 1518 325 1597 ligitur,
351 1518 740 1598 quaestionum
777 1516 849 1575 de
877 1527 1141 1597 tempore
1173 1526 1231 1574 et
1260 1515 1436 1574 modo
1459 1560 1474 1588 ,
1509 1535 1626 1596 quo
1660 1513 1916 1572 mundus
1937 1514 2048 1573 fuit
2071 1536 2204 1574 con-

96 1613 252 1672 ditus
272 1658 287 1687 .,
324 1611 854 1694 metaphysicarum
882 1610 1267 1686 solutionem,
1295 1611 1513 1692 quippe
1548 1631 1679 1691 quae
1713 1631 1950 1670 omnem
1989 1610 2203 1670 mentis

95 1707 368 1767 humanae
396 1719 640 1788 captum
669 1728 941 1788 superare
965 1706 1278 1772 videantur
1298 1749 1320 1777 ,
1364 1706 1427 1763 in
1466 1705 1672 1784 mytho
1702 1705 1802 1769 illo
1839 1706 2084 1765 minime
2116 1726 2206 1765 re-

97 1803 278 1885 periri
301 1803 413 1883 (1).

181 1897 319 1957 189.
367 1899 539 1978 Resp.
562 1895 637 1956 ad
659 1896 763 1971 1¹¹¹,
792 1895 943 1976 Neq.
970 1895 1336 1978 suppositum
1354 1893 1429 1954 de
1456 1894 1672 1976 duplici
1701 1895 1798 1955 illa
1826 1895 2205 1975 cosmogoniae

167 2086 240 2150 (1)
278 2086 364 2135 Hic
415 2087 657 2136 observare
691 2091 825 2153 juvat
861 2088 1111 2136 nonnullos

102 2169 380 2217 contendere
414 2180 577 2233 practer
607 2170 900 2217 traditionem
937 2170 1109 2217 oralem

107 2261 265 2314 praesto
279 2251 418 2299 fuisse
435 2251 583 2316 Moysi
608 2252 835 2299 nonnulla
851 2253 1111 2317 antiquiora

107 2342 406 2380 monumenta
425 2368 438 2391 ‚
455 2348 556 2398 quae
571 2343 726 2397 postea
739 2332 1076 2381 interciderunt
1097 2370 1109 2391 ‚

108 2413 204 2459 imo
223 2429 330 2460 eum
356 2430 409 2460 ex
435 2413 622 2461 diversis
641 2415 906 2479 fragmentis
934 2416 1053 2462 inter
1067 2432 1114 2461 se

108 2492 340 2557 dispositis
366 2504 408 2540 et
429 2495 650 2542 ordinatis
668 2499 861 2559 priscam
876 2496 1115 2543 historiam

109 2590 291 2622 assuere
328 2577 526 2638 potuisse
566 2575 784 2624 nonnulli
819 2580 1112 2636 existimant,

110 2655 237 2721 quod
266 2656 477 2720 colligere
518 2656 605 2704 sibi
631 2657 844 2705 videntur
870 2675 925 2705 ex
943 2658 1119 2706 diversa

110 2739 289 2787 ratione
308 2774 321 2797 ‚
353 2756 445 2803 qua
475 2756 647 2790 nomen
679 2738 765 2787 Dei
796 2741 846 2786 in
880 2739 1120 2786 nonnullis

112 2819 339 2883 capitibus
352 2823 574 2868 continuo
592 2830 889 2884 nuncupatur
902 2858 914 2878 ‚
945 2838 998 2868 ex
1018 2838 1128 2869 cer-·

113 2902 172 2948 tis
197 2900 418 2966 loquendi
440 2902 648 2949 formulis
673 2913 814 2967 atque
842 2901 1122 2949 dictionibus

114 2986 311 3048 propriis
345 2994 390 3032 et
432 2984 765 3048 peculiaribus,
811 2995 901 3033 etc.
942 2984 1033 3032 Alii
1068 3002 1122 3032 eo

124 3067 346 3129 progressi
367 3076 477 3113 sunt
491 3101 508 3127 ‚
540 3076 592 3113 ut
609 3103 622 3125 ‚
646 3068 861 3130 inspectis
884 3065 1124 3129 diligenter

118 3147 215 3193 istis
224 3148 456 3195 variorum
470 3158 877 3196 monumentorum
892 3149 1034 3208 notis,
1051 3139 1123 3195 de·

121 3226 258 3274 finire
267 3227 523 3276 studuerint
531 3229 732 3293 singulas
745 3228 850 3277 libri
868 3228 1124 3292 particulas,

119 3306 203 3355 Ast
231 3309 420 3357 mirifice
439 3311 556 3358 inter
582 3328 629 3358 se
658 3311 939 3358 dissentiunt
969 3312 1019 3356 in
1046 3327 1119 3358 ve-

121 3390 296 3437 teribus
317 3390 388 3436 his
408 3395 722 3439 monumentis
748 3392 1124 3440 determinandis.

121 3468 286 3521 Astruc
302 3473 424 3518 enim
443 3474 491 3520 iu
509 3490 658 3537 opere,
682 3475 756 3521 cui
779 3474 966 3521 titulum
983 3473 1090 3520 fecit
1111 3488 1124 3519 ε

128 3550 430 3616 Conjectures
458 3569 544 3599 sur
586 3553 649 3600 les
691 3556 938 3603 memoires
979 3554 1129 3617 origi-

124 3648 261 3680 naux
303 3633 416 3680 dont
456 3632 498 3681 il
529 3637 699 3699 paruit
716 3653 804 3699 que
838 3636 999 3684 Μοῖσα
1026 3633 1132 3681 s'est

125 3716 253 3760 servi
260 3731 389 3778 pour
415 3731 654 3779 composer
680 3713 721 3763 le
747 3715 864 3763 livre
892 3715 948 3764 de
971 3715 1017 3763 Ia
1037 3713 1129 3762 Ge·

1197 2089 1305 2144 nese
1317 2122 1334 2147 ,
1366 2104 1478 2134 avec
1499 2086 1579 2134 des
1602 2103 1902 2151 remarque3‚
1922 2097 2009 2135 etc.
2018 2121 2035 2147 ,
2051 2085 2205 2136 in-80.

1197 2170 1434 2219 Bruxelles
1485 2185 1500 2215 1
1514 2167 1609 2235 753
1628 2206 1641 2229 ,
1680 2169 1930 2216 duodecim
1971 2181 2206 2232 recenset3

1197 2251 1434 2300 Eichhorn
1460 2255 1509 2299 in
1527 2251 1577 2298 E
1579 2250 1736 2299 inleit.
1765 2253 1824 2298 in
1851 2250 1938 2298 das
1954 2250 2026 2301 A.
2050 2250 2112 2299 T.
2130 2270 2209 2299 seu

1200 2332 1508 2381 Introductio
1522 2335 1580 2380 in
1600 2330 1665 2380 V.
1679 2333 1743 2380 T.
1757 2343 1878 2396 part.
1900 2349 1928 2380 2
1941 2369 1953 2391 ‚
1968 2351 2070 2397 pag.
2088 2331 2207 2397 274,

1198 2416 1310 2464 edit.
1342 2422 1447 2464 tert.
1465 2426 1508 2463 et
1525 2414 1664 2475 alibi,
1690 2414 1785 2462 duo
1805 2416 1899 2462 haec
1917 2418 2209 2478 potissimum

1199 2498 1339 2545 fuisse
1367 2497 1636 2558 contendit;
1676 2496 1803 2560 Ilgen
1825 2534 1839 2556 ‚
1874 2496 1976 2544 Die
2011 2495 2212 2545 Urkun-

1199 2580 1295 2627 den
1313 2578 1394 2626 des
1413 2587 1594 2639 ersten,
1612 2588 1701 2626 etc.
1722 2578 1769 2626 id
1789 2589 1858 2627 est
1874 2615 1888 2638 ‚
1917 2576 2215 2626 Documenta

1194 2661 1355 2725 primi
1381 2658 1566 2724 Moysis
1596 2659 1714 2707 libri
1737 2661 1794 2706 in
1817 2661 2034 2725 ipsorum
2054 2658 2215 2722 fhrma

1203 2742 1478 2805 oriqinaria
1495 2758 1553 2788 em
1569 2741 1778 2801 hebroeo,
1801 2751 1890 2789 etc.
1919 2740 2046 2788 Halae
2069 2737 2213 2807 1798,

1205 2840 1230 2871 e
1261 2822 1416 2870 tribus
1445 2824 1761 2870 monumentis
1789 2821 2131 2887 antiquioribus
2158 2822 2217 2869 li-

1206 2903 1344 2951 brum
1362 2903 1586 2953 Geneseos
1599 2910 1863 2952 contextum
1880 2913 2108 2951 autumat.
2126 2902 2218 2951 Sed

1206 2986 1278 3033 hae
1291 2988 1473 3033 nonnisi
1487 2989 1761 3052 conjecturae
1794 2998 1920 3033 sunt.
1938 2985 2219 3032 Rosenmiil-

1207 3067 1275 3115 ler
1291 3070 1342 3115 in
1361 3067 1549 3132 Proleq.
1567 3069 1623 3115 in
1638 3067 1812 3115 Genea.
1832 3065 1858 3132 §
1877 3068 1926 3126 3,
1944 3077 2072 3131 putat
2088 3066 2220 3132 Moy·
2302 3053 2308 3059 ’

1207 3167 1306 3197 sem
1324 3166 1428 3215 quae
1444 3151 1500 3198 de
1518 3150 1675 3215 populi
1690 3150 1860 3197 hebraei
1877 3145 2133 3215 majoribus
2148 3165 2220 3196 re·

1210 3235 1295 3282 fert
1330 3271 1343 3293 ,
1397 3236 1576 3302 partim
1603 3252 1627 3281 a
1675 3235 1834 3297 priscis
1881 3232 2222 3280 narrationibus

1210 3316 1586 3381 carminibusque
1622 3314 1924 3363 Hebraeorum
1955 3331 2033 3362 ore
2059 3330 2223 3378 propa·

1210 3399 1325 3462 gatis
1344 3433 1358 3457 ,
1392 3399 1560 3461 partim
1589 3415 1614 3446 e
1644 3399 1824 3462 scriptis
1851 3395 2058 3454 tribuum
2081 3403 2222 3441 stem-

1210 3479 1413 3528 matibus
1439 3489 1484 3527 et
1507 3479 1790 3527 familiarum
1818 3476 2090 3543 genealogiis
2104 3474 2224 3521 hau-

1212 3562 1344 3610 sisse.
1374 3559 1516 3625 Quod
1560 3560 1753 3627 quidem
1778 3579 1807 3609 a
1838 3576 1944 3608 vero
1979 3554 2227 3605 abscedere

1203 3649 1311 3693 ,non‘
1337 3643 1531 3691 videtur.
