2580 4152
381 148 492 207 136

1026 176 1219 214 TRACT.
1268 178 1336 213 m:
1379 178 1485 215 DEO
1528 179 1834 217 CREATORE.

452 313 591 372 275.
637 314 726 373 Ad
759 314 866 388 4¹¹¹,
905 315 1057 396 Ney.
1087 318 1260 375 Pauci
1291 318 1542 398 zoologi‚
1571 342 1760 401 neque
1798 322 2057 402 profecto
2110 320 2451 382 celebriores
2471 367 2488 399 .,

370 417 437 464 ut
460 408 569 489 ipsi
599 420 907 468 autumant
924 455 940 484 ,
974 409 1171 492 plures
1197 412 1507 471 hominum
1532 417 1748 496 species
1771 415 2159 496 distinguunt,
2180 428 2238 476 et
2254 417 2493 499 quidem

371 525 685 585 perperam
706 550 720 578 ,
753 517 819 563 ut
841 517 1005 587 patet
1033 528 1105 566 ex
1140 507 1306 567 dictis
1343 509 1404 566 in
1430 512 1808 590 responsione
1847 512 1921 570 ad
1952 514 2052 586 1¹113
2096 535 2229 571 cum
2262 512 2492 572 nullum

372 619 610 679 prorsus
648 601 723 658 sit
764 600 1221 662 fundamentum
1249 603 1534 681 ejusmodi
1567 604 2009 665 distinctionum
2031 652 2046 680 a
2085 628 2211 688 quae
2248 607 2495 688 proinde

375 693 694 753 arbitrariae
732 697 972 755 omnino
1017 709 1192 770 sunt,
1249 710 1309 757 et
1372 711 1705 780 repugnant
1751 701 1861 781 ipsi
1912 703 2297 783 experientiae.
2345 703 2495 761 Hinc

371 788 533 847 enim
560 801 822 865 constat,
867 792 1140 850 animalia
1181 804 1307 851 orta
1352 815 1423 852 ex
1449 796 1856 872 conjunctione
1896 795 2146 855 duarum
2171 799 2496 878 specierum

371 902 494 942 esse
534 906 774 966 prorsus
800 886 1112 946 infecunda
1137 913 1151 961 ς
1188 887 1337 946 nihil
1367 899 1567 947 tamen
1596 890 1878 967 ejusmodi
1907 891 2260 971 reperimuS‚
2294 904 2360 951 ut
2389 891 2497 951 ob-

370 990 568 1038 servat
602 981 813 1040 Cuvier
837 1027 852 1056 ,
882 982 946 1040 in
973 982 1291 1042 individuis
1317 1005 1348 1041 a
1378 982 1842 1065 quibuscumque
1875 984 2210 1044 hominibus
2237 1008 2498 1068 procrea-

370 1074 445 1131 tis
471 1074 578 1155 (1).
609 1076 799 1149 Quare
825 1099 1001 1136 nemo
1022 1083 1149 1157 Jam
1172 1089 1261 1136 est
1286 1099 1355 1137 ex
1385 1077 1631 1158 zoologis
1660 1078 1899 1157 alicujus
1927 1081 2204 1156 nominiS‚
2232 1082 2332 1163 qui
2358 1080 2496 1163 plu-

370 1190 464 1228 res
495 1170 805 1233 hominum
830 1174 1047 1254 species
1076 1173 1317 1232 inducat
1351 1173 1462 1253 (2).

452 1266 592 1326 276.
641 1268 805 1341 Quod
845 1270 892 1327 si
931 1270 1192 1328 vLinneus
1233 1268 1531 1351 duplicem
1569 1272 1821 1351 speciem
1872 1273 2207 1347 recensuit,
2254 1271 2500 1331 humani

372 1361 594 1443 aliquid
622 1376 681 1423 et
719 1366 841 1446 ipse
884 1386 1084 1447 passus
1119 1376 1250 1438 est3
1317 1386 1496 1446 quare
1533 1387 1565 1423 a
1609 1365 2061 1426 Blumenbachio
2110 1367 2346 1448 vapulat
2381 1367 2492 1446 (3).

371 1459 649 1529 Attamen
685 1462 933 1540 ipsemet
958 1461 1212 1519 Linneus
1241 1459 1394 1518 hanc
1427 1481 1593 1518 suam
1619 1463 1976 1520 sententiam
2018 1462 2357 1523 retractavit
2382 1462 2495 1544 (4).

371 1554 543 1635 Virey
584 1576 691 1636 per
728 1560 980 1636 speciem
1019 1555 1296 1635 intelligit
1337 1555 1688 1614 divisionem
1731 1557 2071 1637 primariam
2112 1556 2335 1637 generis
2384 1558 2499 1616 hu-

372 1651 536 1709 mani
563 1696 579 1725 ,
627 1673 750 1710 non
793 1663 990 1710 autem
1022 1651 1283 1733 stipitem
1308 1650 1679 1730 primitivum
1718 1653 2112 1732 originarium.
2152 1655 2500 1735 Quanquam

374 1757 571 1804 autem
606 1751 777 1825 juxta
811 1748 1046 1806 Sacram
1080 1746 1444 1828 Scripturam
1488 1768 1519 1804 a
1564 1746 1694 1805 filiis
1731 1750 1854 1807 Noe‘
1893 1760 2010 1807 tres
2051 1750 2267 1830 primas
2307 1750 2497 1809 varie-

372 1852 523 1901 tates
563 1854 895 1902 constantes
925 1853 1190 1925 repetat‚
1224 1843 1428 1900 albam
1473 1863 1504 1900 a
1544 1842 1759 1923 Japhet
1795 1889 1810 1918 7
1842 1844 2071 1920 flavam
2111 1856 2169 1903 et
2187 1848 2433 1923 fuscam
2463 1865 2495 1902 a

374 1939 512 1997 Sem
528 1985 543 2014 a
573 1942 819 2020 myram
842 1960 943 1998 seu
968 1939 1371 1997 hottentottam
1410 1958 1440 1995 a
1474 1936 1659 1995 Cham
1678 1983 1693 2011 ⁷
1734 1937 1987 2019 reliquas
2011 1938 2083 1997 ab
2109 1961 2310 1998 earum
2334 1960 2496 1998 com-

374 2035 694 2110 mixtione,
734 2058 875 2117 quas
900 2033 1204 2113 distinguit
1228 2055 1299 2092 ex
1328 2032 1570 2091 diversis
1606 2033 1877 2112 gradibus
1901 2034 2097 2114 anguli
2132 2035 2344 2094 facialis
2368 2035 2492 2116 (5);

375 2129 758 2188 nihilominus
802 2131 999 2213 plures
1035 2128 1295 2187 admittit
1338 2127 1563 2208 stipites
1591 2173 1606 2203 ,
1635 2150 1744 2187 nec
1790 2150 1922 2188 cum
1965 2131 2189 2188 saniore
2230 2129 2496 2209 zoologo-

376 2247 512 2284 rum
554 2238 719 2308 parte
753 2226 1065 2286 convenire
1106 2224 1359 2284 videtur.
1392 2225 1760 2305 Quapropter
1796 2246 1903 2284 nec
1932 2247 2066 2284 eum
2095 2247 2203 2284 nec
2243 2224 2496 2306 reliquos

375 2342 702 2398 moramur,
731 2324 830 2404 qui
861 2344 966 2403 per
992 2321 1143 2380 hanc
1168 2321 1354 2402 ipsam
1380 2321 1725 2401 opinionum
1750 2320 2150 2381 diversitatem
2179 2322 2499 2381 Ostendunt

378 2419 603 2478 nescire
649 2440 743 2493 se,
788 2417 892 2476 ubi
947 2416 1159 2498 pedem
1201 2416 1383 2495 figant
1422 2437 1435 2474 :
1482 2437 1659 2497 quare
1706 2428 1763 2476 et
1804 2440 1835 2476 a
1878 2417 2200 2477 sanioribus
2251 2419 2495 2499 zoologis

445 2584 487 2646 (1
528 2582 689 2648 Reque
699 2585 854 2632 anim.
875 2580 1230 2645 Mammiferes,
1246 2577 1271 2644 g
1289 2576 1344 2624 V
1341 2595 1396 2626 a-

375 2667 519 2714 νίόίέε
550 2666 607 2713 de
641 2665 827 2731 l'espeoe
857 2664 1092 2711 humaine
1115 2701 1128 2722 ,
1164 2677 1269 2727 pag.
1308 2657 1395 2728 94.

448 2750 510 2811 (2)
550 2748 610 2798 Ut
662 2759 785 2815 patet
834 2765 888 2796 ex
939 2745 1266 2795 recentioribus
1295 2780 1309 2803 ‚
1362 2744 1399 2790 si

375 2842 655 2879 memoratos
708 2830 972 2879 incredulos
1019 2830 1218 2893 excipias
1254 2864 1267 2887 ‚
1319 2826 1400 2891 qui

378 2916 665 2978 contemptui
695 2924 936 2978 propterea
952 2930 1048 2960 sese
1067 2918 1397 2975 exposuerunt.

449 2994 515 3059 (3)
558 2996 648 3061 Op.
694 2998 773 3043 cit.
821 3005 933 3043 sect.
978 2991 1046 3056 4,
1098 3011 1147 3057 p.
1187 2990 1280 3051 80,
1317 2990 1400 3038 ubi

378 3081 536 3144 inquit
560 3095 574 3125 :
606 3078 680 3125 La
704 3076 999 3142 description
1030 3075 1086 3122 de
1110 3073 1279 3121 l'homo
1304 3081 1400 3120 tro-

376 3151 562 3225 ylodyte
593 3159 650 3206 de
679 3159 870 3206 Linnee
900 3166 967 3205 est
987 3174 1058 3204 un
1083 3155 1296 3220 melamqe
1320 3156 1401 3202 in-

378 3240 658 3290 conoevable
696 3240 752 3287 de
796 3239 1026 3287 l’ln'stoire
1065 3238 1185 3286 d’un
1228 3237 1284 3285 de
1326 3253 1402 3284 ceo

379 3326 547 3389 noqres
576 3321 738 3370 blanos
772 3321 989 3385 malodis
1004 3329 1049 3369 et
1071 3321 1325 3385 wulfrum,
1357 3327 1403 3366 et

378 3407 435 3454 de
450 3404 561 3453 celle
576 3404 633 3451 de
648 3402 1106 3467 l’Oranq-Outanq.
1123 3401 1224 3449 Son
1247 3402 1400 3449 homo-

378 3488 455 3538 lar
486 3495 554 3535 est
590 3504 661 3534 un
693 3484 919 3534 veritable
951 3487 1106 3550 sinye.
1142 3484 1265 3531 Hinc
1301 3487 1398 3548 ipse

379 3570 507 3618 Fri‹1-.
542 3568 727 3617 Gmelin
747 3606 760 3627 ‚
787 3570 866 3633 qui
897 3569 1138 3615 adornavit
1168 3566 1396 3614 decimam

379 3655 564 3699 tertiam
596 3653 846 3700 editionem
884 3646 1172 3713 Systematis
1203 3658 1396 3696 naturoe

378 3732 547 3782 Linnei
568 3772 580 3795 ‚
613 3750 734 3783 anno
770 3730 924 3800 1789,
952 3749 1050 3781 non
1079 3731 1228 3781 solum
1257 3738 1410 3798 posuit

1480 2579 1771 2646 troglodyten
1796 2580 1920 2630 vinter
1953 2584 2139 2643 simias,
2173 2582 2252 2630 sed
2283 2592 2497 2647 praeterea

1482 2663 1640 2710 subdit
1663 2666 1712 2711 in
1729 2675 1835 2712 nota
1863 2666 1918 2713 ad
1946 2665 2038 2713 loc.
2073 2667 2150 2713 cit.
2179 2663 2303 2730 Quoe
2332 2664 2387 2711 de
2412 2664 2495 2712 ho-

1483 2747 1614 2793 mine
1634 2745 1877 2810 troqlodite
1903 2746 2044 2811 refert
2066 2745 2352 2793 immortalis
2379 2763 2495 2793 auo-

1483 2836 1571 2888 tor,
1582 2832 1767 2894 partim
1782 2830 2026 2895 figmentis
2040 2831 2294 2889 nituntur,
2314 2831 2497 2895 partim

1484 2910 1549 2958 ad
1574 2920 1884 2960 monstrosam
1902 2912 2221 2959 morbosamoe
2248 2911 2499 2960 hominum

1476 2995 1785 3059 proqem'em2
1826 2996 2007 3059 partim
2043 2994 2109 3042 ad
2145 2996 2319 3042 simias
2339 2996 2498 3061 perti-

1484 3083 1664 3124 nent...
1691 3075 1776 3123 Ad
1797 3076 1973 3139 fictitia
2004 3076 2152 3141 refero
2165 3078 2357 3142 pariter
2376 3076 2499 3126 luci-

1478 3157 1639 3221 ferum
1666 3159 1765 3205 sive
1795 3157 2037 3205 hominem
2065 3159 2346 3208 condatum.

1522 3239 1589 3301 (lo)
1607 3239 1706 3288 Cfr.
1725 3239 1882 3287 Revue
1908 3239 2295 3306 encyclopedique
2310 3239 2398 3289 loo.
2416 3241 2499 3288 cit.

1524 3321 1587 3382 (5)
1615 3322 1682 3369 De
1712 3322 1801 3369 hoc
1834 3324 2001 3386 angulo
2039 3323 2191 3370 faciali
2216 3361 2229 3383 ‚
2258 3323 2340 3370 cfr.
2370 3322 2494 3370 Ran-

1484 3406 1618 3462 zani,
1648 3421 1757 3468 opp.
1782 3406 1860 3452 cit.
1883 3414 1998 3452 tom.
2019 3422 2079 3463 11,
2098 3416 2214 3469 part.
2243 3422 2259 3452 1
2280 3442 2292 3463 ‚
2312 3421 2413 3469 pag.
2434 3404 2495 3469 37

1484 3496 1528 3534 et
1549 3504 1679 3551 seqq.
1700 3496 1744 3534 et
1773 3485 1846 3533 Cl.
1869 3484 2108 3534 &Viseman
2131 3525 2143 3547 ‚
2165 3486 2401 3534 Discours
2415 3499 2501 3531 sm·

1483 3567 1547 3615 les
1570 3575 1786 3633 rapports
1807 3577 1935 3615 entre
1957 3569 2003 3616 la
2034 3571 2217 3617 soience
2235 3576 2280 3615 et
2308 3566 2355 3615 {a
2385 3564 2498 3614 reli-

1478 3653 1597 3715 gion
1632 3649 1801 3698 revelaa
1823 3688 1835 3712 ,
1867 3662 1978 3700 tom.
2001 3669 2037 3700 1.
