2580 4152
441 182 600 223 Pam.
648 181 738 216 111.
784 178 909 215 car.
961 179 1043 217 v1.
1091 180 1158 214 mi
1203 176 1427 215 ru‘rURA
1469 176 1704 213 nonnus
1744 175 1896 213 vlu.
2069 155 2187 215 355
2271 169 2275 173 ’

157 319 297 378 787.
346 319 488 377 Inst.
516 314 792 375 secundo,
826 315 1043 374 Saltem
1078 315 1284 396 nequit
1315 315 1426 374 hoc
1467 316 1678 394 dogma
1716 315 2028 374 consistere
2053 336 2187 374 cum

79 414 274 473 divina
311 413 526 493 pietate
566 421 739 491 atque
784 410 1109 469 clementia.
1165 411 1226 467 10
1272 410 1459 468 Pietas
1502 410 1662 468 enim
1695 410 1821 468 sive
1871 410 2191 469 misericor-

78 507 171 566 dia
196 518 283 566 est
307 506 624 585 compassio
653 504 854 563 alienae
895 503 1238 563 calamitatis
1268 548 1286 577 ,
1315 515 1375 561 et
1409 502 1484 561 ad
1520 525 1652 562 eam
1678 503 2054 563 relevandam
2075 505 2192 562 im-

76 601 260 682 pellit.
303 599 621 658 Clementia
649 621 787 659 vero
815 610 902 658 est
942 597 1212 679 quaedam
1252 598 1439 656 animi
1484 597 1694 656 lenitas
1721 599 1786 655 in
1819 600 2011 680 poenis
2038 600 2189 657 irro-

76 695 308 776 gaudisq
336 707 648 776 movetque
671 694 745 752 ad
772 715 866 752 eas
891 692 1238 752 minuendas
1256 704 1358 750 aut
1397 691 1808 751 sublevandaso
1841 694 1909 751 20
1935 696 2190 753 Tantum

75 811 248 870 porro
281 788 443 848 abest
464 834 480 863 ‚
503 801 571 847 ut
600 810 732 848 cum
756 788 845 846 his
874 787 1189 847 virtutibus
1217 797 1647 868 componantur
1680 784 1916 847 aeternae
1949 809 2144 869 poenae
2170 833 2187 862 a

76 895 143 942 ut
166 885 356 965 potius
385 887 575 943 Deum
599 884 859 964 ipsarum
902 894 1201 942 auctorem
1227 903 1455 942 saevum
1490 893 1666 962 atque
1704 881 2001 941 crudelem
2025 883 2193 943 exhi—

76 977 271 1038 beant.
303 979 532 1037 Etenim
554 977 850 1037 crudelem
879 1021 894 1052 ,
925 989 992 1035 ut
1015 978 1211 1058 inquit
1237 975 1432 1056 Bayle‚
1461 998 1535 1035 ex
1558 977 1761 1035 innata
1784 977 2037 1057 quadam
2063 1001 2194 1037 nos·

76 1075 183 1132 tris
210 1074 419 1132 animis
443 1073 659 1154 pietate
683 1073 1082 1131 existimamus
1119 1072 1616 1152 exhorremusque
1634 1072 1893 1149 judicem
1910 1084 2013 1131 aut
2031 1075 2195 1155 prin-

78 1168 301 1248 cipem,
347 1167 446 1248 qui
485 1167 645 1225 lento
682 1167 814 1245 igne
855 1167 1027 1248 punit
1072 1188 1240 1226 reum
1267 1210 1285 1239 7
1333 1176 1399 1224 ut
1442 1165 1663 1224 diutius
1708 1165 2037 1248 horrendus
2092 1168 2193 1228 ille

77 1263 378 1320 cruciatus.
407 1260 707 1342 perduret.
781 1262 1136 1341 Supremam
1174 1305 1190 1334 ,
1250 1260 1408 1340 quod
1456 1258 1723 1322 >sontibus
1781 1280 1887 1340 per
1931 1260 2199 1338 judicum

78 1356 431 1414 sententiam
467 1352 669 1414 inferri
707 1354 856 1414 solet
894 1354 1243 1436 supplicium
1273 1399 1288 1424 ,
1330 1353 1679 1435 plerumque
1713 1352 2059 1413 brevissimo
2089 1355 2197 1413 ab-

77 1450 322 1511 solvitur
350 1462 616 1530 tempore
642 1474 660 1522 3
699 1470 807 1508 nec
839 1448 958 1507 ulla
984 1449 1242 1508 civilium
1267 1450 1528 1528 gentium
1552 1448 1860 1507 auctoritas
1883 1449 2194 1531 approbat,

79 1545 236 1626 quod
268 1544 495 1603 diutino
518 1555 781 1625 tempore
814 1555 1199 1624 torqueantur
1219 1588 1233 1617 ‚
1263 1565 1412 1624 quos
1440 1564 1579 1602 nece
1599 1542 1988 1617 condemnat3
2017 1567 2196 1605 nemo

79 1651 202 1714 est,
234 1640 334 1721 qui
376 1661 500 1697 non
539 1649 978 1698 commoveatur
1006 1681 1025 1712 a
1068 1649 1128 1697 et
1154 1659 1279 1696 non
1313 1636 1693 1696 excandescat
1729 1638 1792 1695 in
1829 1639 2194 1715 carnificem,

78 1734 179 1815 qui
207 1755 327 1791 non
353 1755 472 1792 uno
500 1744 735 1791 tantum
769 1733 887 1791 ictu
913 1777 930 1806 a
957 1732 1061 1792 sed
1104 1732 1288 1791 altero
1314 1744 1417 1790 aut
1443 1733 1617 1791 tertio
1657 1731 1751 1790 vel
1777 1745 1983 1813 quarto
2019 1747 2200 1816 caput

77 1827 397 1887 abscindat.
426 1829 658 1900 Quanto
682 1827 856 1906 igitur
877 1828 1059 1906 magis
1082 1828 1371 1887 saevitiam
1391 1827 1695 1908 praeferret
1717 1838 1777 1885 et
1793 1828 2200 1889 crudelitatem

77 1926 270 1998 Deus7
292 1923 342 1981 si
375 1922 631 1981 infelices
660 1922 968 1980 damnatos
1008 1922 1087 1980 sic
1123 1921 1403 2002 plecteret
1423 1966 1439 1996 .,
1494 1932 1559 1979 ut
1594 1943 1719 1980 non
1760 1922 1933 1981 unius
1973 1935 2076 1982 aut
2109 1924 2199 1983 al-

78 2021 258 2079 terius
289 2019 439 2093 diei,
469 2018 572 2077 sed
609 2029 826 2078 aeterno
861 2019 996 2097 igne
1043 2016 1429 2077 crementur?
1469 2017 1534 2076 30
1567 2018 1627 2076 Si
1663 2017 1777 2076 huc
1807 2018 2042 2078 accedat
2070 2065 2086 2093 .,
2128 2041 2200 2078 ex

81 2114 379 2174 communi
413 2114 679 2173 omnium
724 2112 1210 2194 philosophorum
1235 2133 1526 2172 consensu
1547 2157 1564 2186 ‚
1595 2108 1830 2193 aequum
1844 2112 2105 2190 judicem
2133 2115 2200 2172 in

71 2207 391 2268 inferendis
427 2209 620 2289 poenis
647 2228 1021 2267 communem
1052 2206 1367 2266 utilitatem
1394 2206 1504 2265 sibi
1527 2218 1810 2288 tanquam
1839 2207 2019 2267 finem
2045 2231 2198 2291 prae-

73 2304 312 2362 stituere
335 2302 578 2377 debere,
601 2307 769 2381 juxta
798 2301 1025 2362 celebre
1051 2301 1200 2360 illud
1224 2301 1466 2360 effatum
1486 2346 1502 2376 ,
1537 2301 1695 2383 quod
1718 2304 1938 2362 Seneca
1970 2303 2195 2379 laudat,

75 2401 164 2461 De
196 2400 504 2458 clementia
525 2443 541 2472 ‚
573 2396 674 2456 lib.
700 2399 725 2456 1
760 2419 775 2455 :
807 2397 999 2457 Nemo
1019 2396 1540 2477 prudenspunit.,
1565 2401 1717 2475 quia
1738 2409 2060 2477 peccatum
2078 2411 2195 2475 esu,

77 2496 181 2553 sed
218 2514 291 2551 ne
327 2503 636 2571 peccetur,
682 2491 1151 2551 demonstratum
1166 2495 1293 2570 jam
1335 2512 1402 2550 ac
1443 2503 1670 2551 certum
1711 2503 1834 2567 est,
1879 2515 2000 2551 non
2027 2515 2198 2574 posse

79 2591 267 2648 Deum
292 2589 356 2646 in
385 2588 576 2670 poenis
608 2588 840 2647 aeternis
872 2585 1207 2666 infligendis
1238 2586 1476 2647 saevitiae
1505 2598 1709 2645 notam
1749 2586 2001 2665 effugere
2019 2632 2035 2662 ‚
2062 2588 2196 2669 quia

80 2704 202 2740 non
231 2684 469 2764 puniret
505 2703 632 2741 reos
667 2680 743 2740 ad
778 2681 1248 2741 emendationem
1300 2701 1364 2739 ac
1403 2681 1820 2740 correctionem
1845 2728 1860 2756 7
1885 2682 1989 2741 sed
2019 2684 2198 2764 puni-

84 2776 303 2836 tionem
334 2778 518 2858 ipsam
543 2787 829 2857 quaereret
864 2786 1107 2857 propter
1131 2796 1191 2834 se
1212 2820 1227 2850 ,
1258 2776 1323 2833 in
1361 2796 1543 2856 eaque
1567 2786 1810 2857 propter
1850 2797 1912 2835 se
1941 2776 2196 2851 delecta-

84 2881 245 2928 retur
263 2915 280 2945 ,
310 2891 448 2930 cum
470 2870 618 2929 nulli
642 2870 823 2929 futuri
847 2870 1050 2929 sintin
1072 2871 1397 2929 aeternitate
1416 2915 1433 2944 ,
1460 2871 1650 2951 quiex
1665 2870 2052 2952 reproborum
2075 2895 2200 2955 poe·

87 2965 177 3025 nis
201 2965 511 3026 utilitatem
546 2966 803 3047 aliquam
839 2967 1136 3048 percipere
1160 2966 1400 3047 possint.
1436 2966 1601 3044 Ergo,

170 3059 311 3119 788.
361 3060 702 3143 Resp.Neq.
726 3072 919 3120 antec.
952 3059 1038 3119 Ad
1076 3061 1181 3135 1¹¹²,
1222 3063 1382 3120 Dz'st.
1419 3061 1504 3119 Ita
1549 3071 1749 3120 tamen
1790 3073 1858 3120 ut
1896 3065 2047 3121 Deus
2073 3063 2199 3122 illas

89 3176 228 3235 erga
247 3177 448 3215 omnes
471 3168 530 3215 et
550 3177 781 3238 semper
804 3167 862 3215 et
888 3155 1092 3215 eadem
1107 3155 1333 3214 ratione
1354 3176 1618 3216 exercere
1642 3156 1884 3217 minime
1905 3169 2199 3233 teneatur,

93 3270 278 3323 conc.;
319 3262 387 3308 ut
410 3271 545 3330 erga
572 3272 774 3311 omnes
811 3271 1043 3331 semper
1064 3261 1123 3309 et
1148 3249 1351 3310 eadem
1372 3251 1598 3311 ratione
1628 3262 1899 3312 teneatur
1925 3275 2019 3312 eas
2045 3274 2204 3311 exer-

93 3365 224 3404 cere
245 3390 260 3419 ,
288 3367 416 3424 neq.
451 3344 622 3404 Aliud
644 3346 802 3408 enim
827 3357 913 3406 est
943 3347 1005 3404 in
1033 3344 1154 3405 Deo
1177 3344 1282 3405 has
1318 3347 1703 3429 proprietates
1730 3370 1832 3408 seu
1852 3348 2014 3407 dotes
2042 3348 2203 3407 inve-

92 3440 210 3498 niri
231 3485 247 3514 7
274 3438 347 3498 de
372 3461 486 3520 quo
514 3439 765 3500 dubitari
781 3442 1014 3523 nequit,
1041 3439 1199 3500 aliud
1227 3462 1365 3502 vero
1391 3454 1480 3502 est
1502 3443 1839 3503 earumdem
1862 3443 2204 3502 exercitium

94 3547 159 3595 et
173 3536 430 3595 exercitii
449 3535 679 3596 modus,
700 3537 998 3619 Siquidem
1019 3582 1033 3612 ,
1053 3548 1120 3595 ut
1140 3536 1410 3619 praeclare
1437 3538 1708 3601 observat
1725 3540 1784 3598 S.
1806 3538 2054 3597 Thomas
2079 3537 2202 3620 (1),

170 3724 234 3790 (1)
272 3735 342 3788 τ’,
374 3736 449 3789 2²²³,
481 3745 531 3793 q.
572 3725 662 3794 ¹57
686 3764 700 3790 ‚
730 3727 818 3777 art.
844 3743 873 3776 2
897 3764 910 3791 ,
934 3726 991 3777 ad
1025 3737 1105 3775 ιω.
1864 3726 1964 3795 23,
