2580 4152
288 276 369 334 24
951 299 1147 335 TRACT.
1196 298 1264 332 DE
1307 298 1409 333 nno
1453 297 1756 335 GREATORE.

298 439 544 520 Angelos
574 439 884 498 hominum
910 439 1110 498 tutelae
1132 439 1347 520 praefici
1369 484 1384 512 7
1409 439 1568 520 quod
1592 439 1665 498 de
1690 439 1807 498 fide
1837 459 1959 498 esse
1997 441 2215 520 passim
2244 437 2406 498 theo-

297 536 413 616 logi
440 535 683 609 docent3
709 534 943 614 singulis
977 555 1116 594 vero
1147 532 1482 592 hominibus
1525 533 1778 614 singulos
1821 533 2067 614 Angelos
2103 533 2356 614 delegari
2383 579 2403 608 7

298 653 423 690 non
452 630 641 690 solum
663 631 833 708 justis
866 640 925 687 et
949 627 1376 710 praedestinatis
1398 674 1413 703 7
1453 628 1555 688 sed
1579 630 1754 688 etiam
1789 628 2188 710 peccatoribus
2216 650 2280 687 ao
2313 650 2409 688 re-

298 725 497 808 probis
517 772 532 800 7
564 725 801 804 singulis
827 734 1109 805 praeterea
1134 722 1465 803 regionibus
1485 769 1501 796 7
1531 725 1841 805 provinciis
1859 770 1874 798 7
1904 725 2094 804 regnis
2113 769 2126 794 7
2158 723 2406 783 ecelesiis

299 821 547 900 Angelos
576 840 822 901 praeesse
844 864 859 892 7
886 830 1039 877 certa
1058 818 1297 899 quidem
1328 828 1386 876 et
1411 819 1735 876 communis
1768 820 2056 878 sententia
2085 831 2172 878 est
2194 865 2209 893 7
2237 818 2313 878 ad
2340 819 2410 876 fi-

305 915 441 975 dem
471 927 671 974 tamen
693 914 937 972 minime
974 924 1196 994 spectat
1216 958 1231 987 7
1265 924 1332 970 ut
1356 934 1508 994 pene
1536 934 1740 971 omnes
1766 913 2041 972 fatentur.

383 1010 482 1069 45.
508 1009 926 1068 'Assertionem
972 1019 1239 1067 nostram
1280 1009 1561 1068 evincunt
1606 1006 1785 1070 verba
1825 1007 1960 1082 illa7
2012 1030 2141 1089 quae
2185 1012 2278 1068 Ps.
2318 1009 2415 1069 XC

300 1105 575 1185 leguntur
605 1127 618 1162 z
642 1107 887 1185 Anqelis
925 1109 1053 1162 suis
1089 1105 1408 1162 mandavit
1431 1105 1502 1162 de
1526 1115 1576 1162 te
1601 1147 1621 1175 ,
1654 1114 1725 1161 ut
1752 1105 2092 1163 custodiant
2118 1115 2175 1162 te
2198 1105 2266 1163 in
2296 1125 2416 1164 om-

302 1203 485 1260 nihus
517 1205 635 1259 viis
666 1205 790 1259 tuis
811 1244 827 1275 7
867 1221 994 1281 quae
1035 1198 1108 1258 de
1149 1198 1419 1258 omnibus
1448 1200 1618 1277 justis
1659 1201 1857 1258 Patres
1897 1201 2201 1259 unanimes
2233 1200 2420 1259 inter—

303 1307 647 1379 pretant-ur3
688 1316 796 1354 nec
831 1318 953 1354 non
987 1295 1165 1354 verba
1192 1294 1406 1354 Christi
1439 1293 1695 1373 (Matth.
1729 1295 1911 1354 XVIII
1936 1340 1950 1369 7
1986 1295 2100 1373 10)
2135 1317 2149 1352 :
2198 1287 2416 1372 Videte7

304 1413 380 1450 ne
417 1396 807 1450 contemnatis
850 1413 1048 1449 unum
1089 1412 1159 1449 em
1210 1391 1320 1471 his
1337 1391 1630 1469 pusilli33
1675 1391 1808 1448 dico
1847 1394 2010 1448 enim
2050 1391 2210 1448 vohis
2226 1433 2247 1462 ,
2273 1395 2424 1469 quia

306 1487 525 1566 Anyeli
559 1508 764 1545 eorum
795 1491 865 1544 in
896 1488 1055 1545 coelis
1083 1507 1313 1565 semper
1342 1487 1548 1543 vident
1570 1489 1796 1564 faciem
1828 1486 2041 1544 Patris
2065 1490 2204 1544 mei.
2238 1485 2425 1544 Testi-

308 1582 578 1640 monium
608 1581 869 1664 Apostoli
905 1603 976 1640 ΒΧ
1017 1580 1196 1640 Hebr.
1223 1582 1245 1638 I
1268 1586 1393 1659 J'am
1423 1579 1710 1639 dedimus·

390 1677 489 1734 46.
538 1677 687 1735 Hinc
730 1678 1006 1756 Origenes
1042 1699 1054 1733 :
1090 1678 1229 1755 Ipsi
1272 1675 1621 1757 (Angeli)7
1663 1676 1855 1757 inquit
1882 1721 1897 1750 7
1933 1681 2428 1755 procurationem

309 1777 670 1831 animarum
715 1783 1066 1831 nostrarum
1105 1781 1335 1842 tenent,
1355 1772 1578 1850 quibus
1598 1816 1612 1845 7
1645 1772 1794 1830 dum
1823 1772 2021 1830 adhuc
2042 1773 2305 1851 parvuli
2323 1793 2428 1829 su-

309 1890 448 1926 mus
467 1912 483 1942 7
510 1869 668 1925 velut
694 1868 996 1926 tutoribus
1024 1877 1079 1924 et
1096 1868 1398 1925 actoribus
1421 1871 1866 1925 committimur
1901 1866 2016 1946 (l).
2060 1868 2117 1925 S.
2147 1865 2385 1924 Basilius
2414 1887 2426 1924 ε

316 1963 835 2042 Quemadmodum
863 1967 1027 2020 enim
1058 1962 1315 2020 urbium
1357 1966 1534 2019 muri
1571 1966 1641 2019 in
1673 1966 1936 2020 circuitu
1973 1966 2144 2020 omni
2163 1971 2431 2041 exparte

311 2059 754 2129 circumducti,
808 2058 1226 2135 undecumque
1263 2058 1521 2116 hostium
1561 2059 1824 2116 assultus
1849 2068 2057 2116 arcent
2077 2081 2098 2125 ,·
2133 2062 2221 2115 ita
2254 2064 2431 2114 etiam

313 2154 579 2232 Anqelus
600 2164 653 2210 et
671 2157 1019 2232 praemunit
1040 2175 1079 2209 a
1096 2156 1298 2230 fronte
1320 2164 1376 2210 et
1394 2176 1433 2211 a
1459 2164 1616 2232 terqo
1635 2154 1892 2212 custodit
1906 2196 1928 2224 ,
1963 2174 2068 2211 nec
2096 2154 2432 2231 quidquam

314 2254 604 2326 utrinque
633 2250 1072 2307 incustoditum
1108 2253 1407 2326 relinquit
1436 2248 1547 2327 (2).
1578 2248 1635 2306 S.
1681 2247 2016 2306 Ambrosius
2044 2270 2057 2305 ε
2085 2248 2282 2308 Mittit
2307 2247 2432 2305 Do-

315 2348 522 2403 minus
540 2389 555 2418 7
590 2343 784 2425 inquit
808 2389 823 2418 7
850 2345 1102 2422 Anyelos
1127 2364 1262 2401 suos
1291 2345 1376 2401 ad
1404 2344 1804 2422 defensionem
1835 2365 2040 2401 eorum
2061 2388 2076 2417 7
2107 2347 2220 2421 qui
2245 2343 2432 2399 hoere-

317 2439 415 2497 des
444 2442 664 2517 futuri
691 2451 836 2497 sunt
861 2443 1310 2519 promissorum
1345 2440 1665 2497 coelestium
1707 2438 1813 2517 (3).
1860 2440 1944 2497 Ita
1989 2439 2046 2496 S.
2082 2436 2432 2516 Augustinus

316 2555 425 2615 pro
453 2546 611 2592 certo
637 2535 862 2607 statuit,
885 2533 1134 2614 Angelos
1159 2535 1437 2611 adjuvare
1469 2556 1699 2614 nospro
1726 2557 1838 2593 sua
1863 2536 2256 2604 sublimitate,
2283 2533 2432 2589 dum

317 2619 727 2710 obtemperant
760 2632 883 2689 Deo
904 2675 920 2703 7
960 2634 1075 2708 qui
1097 2652 1215 2709 pro
1255 2631 1426 2688 nohis
1466 2635 1643 2688 etiam
1677 2635 1938 2688 unicum
1975 2630 2219 2690 Filium
2250 2647 2432 2686 suum

318 2725 606 2804 diynatus
638 2736 723 2784 est
747 2730 978 2783 mittere
1004 2724 1113 2804 (4).
1161 2726 1246 2783 Ita
1289 2726 1504 2806 passim
1537 2726 1711 2785 ceteri
1742 2728 1939 2785 Patres
1964 2724 2303 2804 loquuntur.

399 2819 497 2878 47.
547 2818 794 2899 Singulis
821 2841 998 2901 porro
1025 2818 1361 2878 hominibus
1383 2820 1636 2900 singulos
1653 2820 1898 2900 Angelos
1917 2818 2206 2899 deputari7
2232 2827 2432 2899 aperte

386 3036 448 3101 (l)
485 3035 635 3084 Hom.
671 3054 754 3085 vm
779 3038 834 3084 in
880 3036 1058 3085 Genes.
1103 3056 1240 3087 num.
1262 3038 1294 3086 8
1311 3075 1324 3098 ‚
1412 3043 1490 3088 θεν
1511 3038 1763 3102 κ’φόλιικτω
1784 3037 2079 3089 καταλείπει.
2096 3037 2249 3086 Hom.
2266 3038 2322 3084 in
2336 3037 2429 3086 Ps.

318 3130 361 3168 et
389 3118 500 3167 alibi
532 3121 701 3184 passim
721 3156 734 3178 ,
769 3131 820 3167 ut
840 3118 994 3168 Hom.
1015 3138 1080 3167 xx
1102 3122 1158 3167 in
1174 3120 1326 3167 Num.
1411 3141 1577 3183 xxxm,
1594 3142 1727 3172 num.
1749 3121 1796 3183 5,
1811 3135 1848 3171 t.
1874 3140 1916 3183 1,
1935 3140 1985 3187 p.
2012 3118 2107 3185 148
2124 3122 2236 3170 edit.
2254 3120 2431 3169 Bened.

319 3218 454 3249 num.
485 3200 513 3248 3
534 3216 548 3262 ;
567 3202 624 3247 in
639 3200 731 3250 Pa.
749 3218 909 3251 xxxvn
929 3240 941 3261 7
965 3220 1099 3250 num.
1126 3217 1155 3248 2
1175 3239 1187 3261 7
1213 3202 1326 3250 edit.
1479 3203 1544 3268 (3)
1576 3205 1732 3253 Serm.
1763 3222 1780 3252 1
1807 3206 1864 3252 in
1883 3200 1970 3253 Ps.
2003 3220 2143 3252 cxvm
2165 3240 2177 3263 ,
2200 3220 2338 3251 num.
2369 3218 2431 3268 9,

318 3284 523 3331 Maurin.
1415 3286 1528 3335 edit.
1572 3286 1776 3335 Mam-in.
1825 3297 1869 3334 et
1909 3285 2020 3333 alibi
2057 3287 2259 3349 passim,
2296 3287 2426 3332 utin

387 3365 448 3430 (Ξ)
479 3359 659 3432 ‘strong
696 3362 788 3432 γιὲς
825 3369 862 3414 οἱ
894 3374 975 3414 τῶν
1002 3363 1171 3414 πέλειαν
1207 3363 1330 3433 περί-
1412 3368 1493 3415 lib.
1526 3367 1607 3415 De
1621 3367 1814 3428 vidiuS,
1836 3385 1936 3431 cap.
1966 3384 2026 3433 9,
2055 3385 2189 3432 num.
2209 3364 2271 3415 55
2294 3383 2308 3414 ε
2331 3364 2433 3412 Oh-

319 3460 445 3507 βολοι
462 3447 642 3512 ,κᾶκλῳ
668 3446 1184 3515 ποία-αις.πεςικει’μενοι,
1213 3448 1327 3499 ποίν-
1410 3449 1632 3498 secrandi
1654 3458 1767 3497 sunt
1804 3447 1984 3513 Anyeli
2010 3466 2102 3513 pro
2134 3448 2272 3496 nobis
2296 3484 2310 3507 7
2344 3448 2432 3511 qui

320 3534 454 3580 ’ποθεν
503 3530 591 3581 τοίς
651 3539 734 3581 τῶν
784 3529 1008 3595 πολεμίων
1072 3529 1332 3598 προσβολάς
1416 3533 1553 3582 nobis
1580 3532 1645 3581 ad
1666 3531 1955 3598 praesidium
1985 3531 2090 3579 dati
2119 3539 2253 3579 sunt.

317 3613 604 3681 οἱπείργουσιν
626 3651 644 3677 ‚
680 3610 790 3663 offra
817 3612 892 3664 xxi
924 3615 947 3663 ὅ
979 3613 1186 3673 ἅγγελος
1204 3653 1218 3676 ,
1255 3614 1332 3664 καὶ
1485 3617 1551 3680 (k)
1580 3615 1695 3663 Lib.
1715 3614 1772 3661 de
1798 3614 2033 3677 octoqinta
2077 3613 2230 3661 tribus
2259 3617 2427 3675 quaest.

323 3695 603 3760 πςοτειχίζει
669 3697 717 3747 ἐκ
763 3693 846 3746 nib
910 3695 1202 3762 ἔμπροσθεν,
1255 3696 1332 3747 καὶ
1418 3718 1461 3765 q.
1496 3714 1651 3757 vau,
1678 3713 1813 3745 num.
1842 3712 1890 3760 7.

326 3776 723 3843 ὄπισθοφυλοικεῖ,
754 3778 830 3830 καὶ
871 3777 981 3830 ου’δὲ
1008 3778 1068 3830 τοὶ
1110 3778 1332 3847 ἑκατέςω-
