2580 4152
2110 299 2186 355 45

290 332 450 370 PART.
480 330 516 366 1.
541 330 662 366 CAP.
688 329 745 364 V.
769 327 837 362 DE
862 323 1146 364 DAEMONUM
1175 324 1290 361 CUM
1317 321 1622 359 HOMINIBUS
1650 320 1993 358 COMMERCIO.

99 474 251 555 poris
283 468 561 541 florebat,
601 466 758 525 unde
790 466 852 522 in
881 463 1086 542 vulgus
1119 483 1350 543 quoque
1387 462 1721 519 innotuerat
1740 505 1755 533 7
1783 459 1889 517 hos
1911 457 2144 517 morbos
2165 504 2182 533 7

100 563 455 627 daemonibus
486 560 762 633 tributos,
791 580 912 618 esse
935 557 1247 616 naturales,
1285 556 1509 629 Quodsi
1549 555 1613 613 50
1639 554 1854 636 passim
1883 554 2188 634 scriptores

100 655 664 718 sacridaemoniacos
701 652 776 711 ad
810 653 1011 711 Jesum
1041 651 1269 710 venisse
1311 650 1511 709 dicunt
1543 649 1638 710 vel
1664 647 1939 707 adductos
1979 648 2149 706 fuisse
2170 693 2187 722 ,

100 764 158 812 et
172 754 337 811 Jesus
362 750 484 830 ipse
514 747 684 807 dicit:
715 747 917 824 Ejicz‘o
945 747 1242 803 daemonia
1267 790 1282 811 ,
1312 745 1360 802 si
1394 747 1559 803 Jesus
1593 754 1872 825 praeterea
1900 743 2189 801 daemones

99 845 412 926 alloquitur
432 889 447 917 7
483 843 594 901 illis
624 842 914 914 minatur,
947 862 1041 899 eos
1077 851 1265 898 tacere
1302 850 1402 897 aut
1438 838 1631 919 egredi
1654 837 1824 916 jubet
1846 884 1862 912 ,
1894 849 2066 919 atque
2096 857 2191 895 re-

100 938 256 1019 gredi
283 948 445 998 vetat
466 981 481 1010 7
512 936 639 994 haec
664 958 784 993 non
811 936 1089 995 evincunt
1107 979 1123 1007 7
1151 934 1262 991 nisi
1291 954 1388 991 eos
1426 954 1595 990 usum
1643 931 1919 1012 loquendi
1970 942 2191 990 secutos

114 1034 287 1092 fuisse
318 1052 382 1090 ac
417 1052 475 1089 se
505 1030 662 1109 vulgi
702 1030 959 1110 opinioni
987 1026 1478 1099 accommodasse,
1519 1025 1614 1084 vel
1652 1047 1772 1084 non
1821 1026 1930 1084 nisi
1977 1026 2194 1107 tropice

103 1150 224 1188 esse
265 1127 483 1185 locutoS
520 1124 627 1204 (l).
667 1126 829 1203 ErgO.

186 1222 280 1280 94.
325 1222 493 1300 Resp.
525 1218 726 1291 ad⁴l¹¹¹7
753 1219 905 1276 Dist.
936 1216 1048 1288 Qui
1070 1213 1214 1279 tales
1244 1225 1591 1294 putarentur
1610 1259 1626 1287 7
1655 1225 1844 1272 trans.
1886 1214 1980 1273 vel
2006 1234 2189 1288 cona,

107 1317 204 1398 qui
247 1313 387 1373 tales
427 1333 562 1372 vere
590 1322 817 1383 essent,
854 1331 980 1389 neq.
1018 1309 1187 1381 Quod
1224 1329 1526 1389 nunquam
1554 1305 1826 1368 evincent
1857 1306 2189 1368 adversarii.

184 1408 280 1466 95.
331 1405 419 1465 Ad
446 1405 553 1478 2¹1²,
595 1407 754 1464 Dist.
797 1404 942 1476 Quia
983 1403 1346 1484 propositum
1383 1403 1623 1461 Joannis
1671 1401 1733 1460 id
1764 1424 1886 1461 non
1923 1422 2198 1483 exposce-

104 1502 225 1575 bat,
250 1521 436 1573 cona,
467 1499 602 1580 quia
623 1519 789 1559 veros
811 1519 933 1556 non
954 1496 1297 1557 admittebat
1324 1496 1706 1556 daemoniacos
1735 1496 1831 1558 vel
1860 1518 1954 1556 eos
1972 1497 2197 1576 aegrotis

105 1595 440 1657 accensebat
472 1641 487 1669 7
534 1616 659 1675 neq.
703 1594 931 1653 Etenim
952 1638 968 1669 7
1018 1605 1085 1651 ut
1121 1614 1324 1652 omnes
1359 1604 1579 1651 norunt
1611 1638 1626 1667 7
1684 1593 1925 1651 Joannis
1963 1593 2198 1651 in-con-

104 1690 405 1751 scribendo
440 1689 746 1767 Evangelio
784 1688 1147 1770 propositum
1183 1709 1304 1745 non
1333 1687 1442 1753 fuit
1473 1687 1584 1745 nisi
1615 1708 1683 1745 ea
1707 1708 2159 1746 commemorare
2178 1732 2195 1761 7

106 1807 233 1867 quae
261 1807 294 1844 a
322 1783 522 1843 ceteris
554 1782 930 1862 Evangelistis
960 1783 1168 1841 omissa
1194 1781 1424 1840 fuerant
1445 1827 1460 1856 7
1488 1782 1550 1839 in
1582 1782 1648 1839 iis
1678 1783 1999 1863 praesertim
2016 1827 2031 1856 7
2068 1803 2197 1864 quae

106 1879 434 1939 conferrent
475 1878 552 1936 ad
591 1877 805 1937 Christi
845 1877 1211 1938 divinitatem
1249 1876 1747 1950 confirmandam,
1783 1876 1983 1935 ⁴multa
2018 1898 2201 1958 prop-

106 1985 263 2035 terea
289 1972 660 2056 praetermisit
687 2017 703 2046 7
742 1992 867 2053 quae
900 1970 1109 2054 reliqui
1147 1970 1519 2051 Evangelistae
1558 1970 1879 2049 retulerant
1903 1970 2008 2052 (2).
2045 1966 2200 2031 Nihil

106 2079 411 2150 propterea
435 2066 645 2127 exinde
670 2065 1048 2146 concluditur.

177 2245 240 2308 (l)
274 2245 414 2306 Jahn,
452 2243 545 2293 loc.
575 2245 653 2292 cit.
687 2244 713 2310 ὃ
746 2242 852 2310 196.

178 2326 241 2389 (2)
259 2325 444 2391 uMirum
458 2328 634 2375 nemini
650 2327 792 2374 videri
812 2325 946 2374 debet
963 2362 976 2385 7
1005 2326 1111 2389 plu-

114 2409 228 2455 rima
253 2425 278 2455 a
309 2407 488 2456 Joanne
508 2408 644 2456 fuisse
663 2409 960 2472 praetermissa
975 2444 989 2467 7
1010 2423 1112 2472 quae

114 2506 141 2536 a
183 2490 341 2537 ceteris
391 2488 686 2552 Evangelistis
731 2488 988 2537 referuntur
1007 2525 1020 2548 7
1076 2490 1112 2535 si

114 2571 228 2617 ratio
258 2569 480 2617 habeatur
510 2571 633 2633 scopi
656 2606 669 2628 7
709 2587 848 2634 quem
889 2569 976 2617 sibi
1007 2586 1113 2633 pro-

115 2652 280 2715 posuit.
310 2648 485 2698 Priores
506 2651 630 2697 enim
647 2649 817 2697 Christi
844 2667 988 2698 annos
1012 2650 1115 2698 obi-

118 2741 184 2779 ter
199 2732 438 2796 percurrit,
454 2730 677 2778 nonnulla
694 2739 874 2778 tantum
887 2730 1086 2778 referens
1100 2767 1114 2791 7

118 2827 219 2878 quae
267 2812 325 2860 ab
390 2812 489 2860 aliis
536 2811 771 2875 Evangelii
824 2811 1133 2876 scriptoribus-

119 2896 279 2942 omissa
332 2894 512 2941 fuerant
532 2929 547 2957 7
604 2903 716 2958 puta
772 2896 1032 2941 convivium
1070 2895 1119 2940 in

121 2973 276 3036 Cana,
314 2974 597 3040 colloquium
633 2992 741 3023 cum
788 2974 1040 3023 Nicodemo
1073 2984 1120 3023 et

126 3055 312 3104 muliere
335 3054 633 3116 Samaritide,
658 3056 908 3122 paralytico
933 3057 989 3104 ad
1015 3073 1119 3121 pro-

124 3136 319 3185 baticam
336 3141 554 3202 piscinam
571 3140 826 3187 restitutam
840 3140 1078 3187 sanitatem
1102 3155 1118 3202 3

128 3219 220 3265 imo
237 3219 522 3284 multiplicati
536 3223 665 3285 panis
678 3221 930 3285 prodigium
940 3257 952 3279 ‚
964 3228 1122 3284 utpote

124 3301 219 3364 jam
251 3299 308 3346 ab
336 3300 433 3349 aliis
456 3312 862 3350 commemoratum
880 3338 893 3360 7
917 3302 1022 3349 ideo
1047 3318 1121 3349 so-

127 3380 225 3427 lum
251 3382 464 3444 attingere
480 3383 685 3443 videtur,
710 3393 762 3431 ut
791 3385 907 3431 tertii
930 3383 1122 3447 pascha-

128 3463 184 3518 tis
211 3461 446 3525 periodum
462 3499 475 3522 7
493 3465 616 3513 unde
630 3467 908 3529 praecipuam
930 3464 1123 3512 historias

130 3559 218 3589 suae
249 3550 422 3606 'partem
455 3544 656 3605 orditur,
689 3548 880 3611 insignis
916 3545 1123 3593 miraculi

129 3633 237 3671 nota
281 3624 477 3688 quadam
514 3635 558 3673 et
591 3624 848 3675 charactere
890 3626 1084 3675 illustret
1105 3660 1122 3689 7

130 3713 266 3768 atque
294 3714 355 3775 ut·
373 3707 674 3754 instituendae'
689 3707 979 3757 Eucharistiae
1013 3709 1124 3756 doc-

130 3786 300 3834 trinam
349 3786 486 3836 latius
537 3798 769 3854 exponat3
818 3790 1123 3840 clarissimum

1196 2255 1447 2310 utrumque
1478 2254 1705 2309 postremo
1736 2261 1857 2292 anno
1895 2254 2203 2309 perpetratum

1196 2326 1471 2374 miraculum
1488 2364 1501 2385 7
1526 2344 1618 2392 quo
1645 2326 1877 2374 Christum
1900 2343 2019 2374 caeco
2036 2344 2061 2374 a
2080 2329 2203 2375 nati-

1196 2411 1350 2469 vitate,
1368 2411 1518 2456 visum
1537 2409 1704 2463 indidit
1723 2425 1777 2456 ac
1795 2408 2018 2456 Lazarum
2033 2426 2058 2456 a
2075 2427 2201 2458 mor-

1196 2492 1286 2537 tuis
1324 2492 1564 2548 excitavit,
1609 2490 1667 2537 ab
1707 2489 1807 2536 aliis
1845 2492 2064 2538 omissum
2103 2491 2204 2540 fuse

1197 2572 1503 2636 prosequitur.
1515 2570 1727 2619 Ceterum
1741 2574 1815 2619 vix
1828 2570 1999 2619 alicubi
2013 2574 2201 2620 mentio-

1198 2669 1307 2700 nem
1337 2655 1496 2718 injecit
1527 2670 1685 2701 eorum
1709 2689 1723 2713 7
1752 2670 1851 2718 quae
1884 2654 2202 2701 memorabilia

1200 2733 1369 2781 Christi
1394 2734 1517 2781 dicta
1546 2734 1621 2782 vel
1647 2734 1766 2782 facta
1795 2734 1861 2781 illi
1880 2735 2164 2782 recoluerant
2185 2749 2202 2797 ;

1201 2814 1372 2862 idcirco
1386 2817 1437 2861 in
1454 2801 1672 2878 prodigiis
1690 2815 1977 2862 recensendis
1991 2816 2205 2879 parcissi-

1203 2913 1305 2942 mus
1321 2905 1405 2958 est3
1423 2906 1581 2943 contra
1594 2912 1699 2943 vero
1716 2896 1976 2960 prolixiores
1993 2899 2091 2962 ejus
2111 2914 2206 2945 ser-

1203 2993 1361 3024 mones
1377 2993 1430 3024 ac
1440 2979 1593 3024 minus
1604 2976 1761 3024 breves
1772 2979 1998 3025 orationes
2011 2978 2208 3042 plurima

1205 3058 1337 3106 nobis
1359 3060 1569 3106 servavit.
1604 3057 1725 3106 Hinc
1753 3059 1924 3106 factum
1939 3069 2005 3108 est
2018 3097 2031 3119 7
2051 3069 2103 3108 ut
2120 3060 2207 3108 alia

1205 3140 1338 3205 plane
1365 3138 1563 3188 docendi
1588 3139 1830 3187 methodus
1843 3141 1965 3204 apud
1980 3139 2210 3190 Joannem

1205 3220 1478 3270 aSalvatore
1494 3231 1669 3269 servata
1702 3238 1797 3269 esse
1824 3222 2034 3269 videatur
2068 3239 2209 3288 quam

1205 3303 1327 3368 apud
1358 3302 1558 3368 reliquos
1594 3302 1922 3367 Evangelistas.
1953 3303 2074 3352 Cum
2103 3321 2209 3352 vero

1206 3384 1264 3432 ab
1292 3385 1363 3432 his
1393 3385 1606 3450 frequens
1635 3387 1811 3432 mentio
1841 3384 1958 3432 facta
2001 3387 2058 3433 sit
2093 3385 2213 3434 libe-

1206 3468 1392 3514 rationis
1424 3466 1711 3514 obsessorum
1729 3503 1742 3524 7
1783 3466 1904 3513 hanc
1930 3468 2114 3530 penitus
2145 3467 2213 3512 si-

1207 3548 1348 3595 lentio
1379 3549 1666 3611 praetermisit
1695 3547 1895 3595 Joannes
1939 3564 2035 3594 non
2083 3561 2212 3594 secus

1184 3637 1343 3696 ,atque
1375 3639 1642 3694 aegrotorum
1681 3638 1993 3694 recuperatam
2028 3626 2214 3676 incolu-

1209 3711 1433 3759 mitatem.
2115 3720 2118 3723 ”
2142 3697 2147 3701 ’
