2580 4152
409 175 528 236 330
1068 200 1267 239 macr.
1316 202 1386 238 nn
1428 203 1535 239 nso
1578 203 1887 247 canrosa.

409 342 690 416 vz‘detur7
738 363 923 420 neque
961 343 1092 400 ulla
1124 346 1197 400 in
1232 333 1456 422 synodo
1495 350 1802 407 sancitum
1840 351 2002 409 illud
2037 362 2152 420 est,
2201 351 2419 418 scilicet
2449 355 2542 415 vel

411 439 609 518 ignem
639 458 763 495 esse
800 457 1151 518 corporeum
1173 483 1188 511 7
1222 438 1318 497 vel
1353 439 1780 521 suppliciorum
1804 443 1998 504 locum
2035 468 2158 504 esse
2194 445 2302 504 sub
2345 458 2500 507 terra
2525 495 2540 523 7

410 533 513 591 ubi
557 532 892 590 cruciantur
939 533 1239 593 daemones
1287 546 1347 593 et
1389 535 1660 596 homines
1700 537 1985 600 damnati.
2026 543 2196 602 Certe
2223 554 2449 603 veteres
2478 546 2546 602 in

410 630 677 688 diversas
703 627 913 688 abiisse
940 630 1261 688 sententias
1293 633 1442 690 circa
1473 643 1791 715 utrumque
1817 648 2105 715 punctum
2133 651 2348 720 praeter
2372 641 2544 698 Peta-

413 726 579 784 vium
606 726 695 806 (l)
715 771 730 800 7
766 726 888 783 fuse
915 725 1173 785 ostendit
1204 726 1428 786 Calmet
1453 728 1562 808 (2).
1587 730 1647 790 S.
1672 731 2022 809 Augustinus
2051 745 2247 793 autem
2268 781 2284 810 7
2311 737 2404 793 De
2433 740 2545 794 civ.

401 824 536 882 Dei
558 868 573 895 7
611 821 715 880 lib.
750 824 879 896 XX7
908 844 1033 904 cap.
1065 823 1190 881 XVI
1214 869 1229 898 7
1268 822 1470 882 scribit
1495 846 1506 881 :
1544 826 1671 904 Qui
1696 830 1859 905 ignis
1886 831 2230 906 cujusmodi
2257 836 2402 890 etin
2428 853 2550 910 qua

417 920 643 977 mundi
661 963 676 993 7
710 920 801 977 vel
834 941 1046 976 rerum
1080 930 1256 998 parte
1278 923 1542 998 futurus
1580 925 1693 995 sit7
1741 922 2058 981 hominum
2098 929 2251 983 scire
2282 927 2552 985 arbitror

420 1021 766 1088 nemz‘nem7
815 1020 947 1073 m'sz'
979 1019 1137 1095 forte
1179 1019 1287 1074 cui
1328 1019 1602 1096 Spiritus
1645 1018 1895 1077 divinus
1937 1021 2190 1078 ostendit
2217 1019 2328 1099 (3).

501 1111 641 1171 730.
670 1112 741 1170 Et
766 1111 861 1170 hic
877 1113 1226 1194 profitemur
1245 1135 1349 1171 nos
1378 1111 1677 1173 adhaerere
1705 1114 2010 1174 sententiae
2030 1115 2088 1172 in
2119 1114 2364 1174 Ecclesia
2388 1137 2548 1174 com—

418 1208 683 1267 muniter
707 1219 958 1289 receptae
981 1209 1128 1267 circa
1165 1208 1378 1267 harum
1418 1231 1732 1290 poenarum
1753 1255 1767 1284 7
1800 1231 1926 1290 quae
1960 1210 2226 1292 positivae
2251 1209 2547 1283 dicuntur7

420 1305 698 1364 naturam
733 1316 792 1363 et
825 1304 1174 1387 qualitatem
1201 1331 1216 1375 ς
1248 1327 1377 1386 quae
1406 1327 1622 1387 nempe
1649 1317 1737 1364 est
1766 1305 1838 1364 de
1865 1308 1997 1386 igne
2030 1306 2316 1366 materiali
2342 1319 2400 1366 et
2423 1329 2551 1366 cor-

420 1423 622 1484 pore0.
668 1402 806 1461 Haec
845 1402 1005 1460 enim
1047 1400 1311 1460 doctrina
1353 1412 1508 1460 certa
1559 1413 1677 1476 est7
1717 1402 1797 1460 ita
1834 1414 1899 1460 ut
1943 1403 2005 1460 in
2047 1402 2293 1461 dubium
2333 1402 2558 1485 absque.

423 1499 763 1558 temeritate
803 1499 999 1558 vocari
1032 1508 1290 1578 nequeat
1311 1496 1420 1577 (4).
1448 1499 1534 1555 Ν6
1562 1509 1760 1556 tamen
1784 1544 1798 1572 7
1833 1497 2057 1578 agendo
2086 1519 2216 1557 cum
2242 1498 2558 1557 incredulis

420 1605 483 1653 et
508 1592 888 1652 rationalistis
910 1639 926 1667 7
961 1613 1089 1675 quae
1120 1592 1445 1673 dogmatica
1483 1591 1680 1651 stricte
1712 1605 1850 1652 sunt
1879 1614 2013 1652 cum
2043 1593 2167 1652 aliis
2189 1639 2205 1668 7
2251 1615 2385 1676 quae
2428 1616 2550 1652 non

421 1690 703 1749 eumdem
722 1690 1093 1749 certitudinis
1118 1688 1367 1770 gradum
1397 1687 1710 1761 obtinent,
1737 1689 1911 1747 simul
1939 1691 2394 1772 permisceamus
2418 1735 2433 1763 7
2461 1688 2557 1747 hic

421 1787 690 1846 contenti
718 1787 962 1861 erimus7
989 1786 1199 1866 dogma
1224 1783 1574 1844 catholicum
1604 1784 1925 1845 adstruere.
1954 1789 2079 1844 Duo
2103 1797 2298 1844 autem
2324 1795 2559 1866 praesta-

423 1881 659 1942 bimus:
695 1888 904 1964 primo
950 1882 1279 1942 doctrinam
1327 1880 1674 1940 catholicam
1723 1882 1785 1939 in
1832 1881 2191 1942 revelatione
2234 1882 2557 1953 contineri7

421 1983 683 2040 secundo
711 1981 864 2040 hanc
895 1980 1225 2040 doctrinam
1263 1999 1415 2038 sanae
1436 1978 1648 2037 rationi
1673 1977 2011 2037 nullatenus
2046 1979 2345 2039 adversari
2369 1989 2562 2037 osten-

426 2077 657 2137 demus.
691 2079 778 2137 Sit
805 2078 984 2158 igitur

1256 2269 1672 2323 PROPOSITIO
1713 2269 1756 2321 Ι.

543 2405 905 2463 Doemonum
948 2414 1003 2461 et
1045 2402 1352 2461 hominum
1395 2406 1727 2482 impiorum
1763 2422 1964 2481 poenoe
2005 2411 2241 2461 oeternae
2283 2411 2442 2459 sunt.

513 2594 655 2656 731.
695 2593 855 2654 Fidei
875 2592 1087 2675 dogma
1109 2614 1233 2652 esse
1250 2614 1567 2675 poenarum
1583 2591 1973 2651 aeternitatem
1995 2637 2009 2666 7
2036 2591 2245 2674 quibus
2268 2591 2562 2651 daemones

430 2714 497 2753 ac
542 2691 807 2751 damnati
840 2691 1175 2750 cruciantur
1196 2736 1212 2764 7
1245 2699 1411 2771 patet
1433 2711 1504 2748 ex
1532 2688 1909 2748 anathemate
1930 2734 1946 2763 7
1979 2687 2137 2769 quod
2166 2685 2381 2746 inflixit
2407 2687 2565 2745 Con-

432 2789 634 2848 cilium
659 2788 1091 2848 oecumenicum
1117 2787 1205 2845 Vm
1237 2786 1592 2866 Origeniano
1620 2786 1834 2859 errori7
1869 2786 1950 2842 ita
1975 2805 2034 2842 se
2059 2781 2300 2842 habenti
2334 2804 2347 2840 ε
2391 2782 2565 2841 Tem-—

422 2908 702 2967 poranea
762 2907 877 2944 esse
935 2886 1283 2943 daemonum
1344 2894 1400 2941 et
1454 2887 1795 2963 impiorum
1853 2882 2172 2939 hominum
2231 2889 2530 2936 tormenta
2550 2922 2566 2951 7

434 3066 486 3115 S.
513 3066 562 3115 J.
598 3064 897 3131 Exposition
927 3063 983 3110 de
1007 3062 1054 3111 la
1077 3062 1292 3110 doctrine
1314 3059 1463 3109 claret.
1551 3062 1637 3107 sim
1676 3059 1839 3107 docere
1860 3095 1873 3116 7
1914 3061 2067 3131 ignem
2104 3058 2431 3106 damnatorum
2466 3074 2571 3105 vere

436 3149 714 3213 Strasbourg
735 3185 748 3207 7
786 3144 913 3214 1716
931 3184 944 3207 7
976 3164 1076 3212 pag.
1103 3142 1205 3210 704
1228 3162 1242 3207 3
1268 3142 1465 3192 Catech.
1554 3160 1648 3192 esse
1673 3159 1971 3208 corporeum;
1997 3143 2109 3189 dum
2138 3151 2374 3206 propterea
2400 3143 2450 3187 in
2472 3139 2574 3187 loco

438 3233 497 3282 de
525 3232 721 3279 Bossuet
739 3268 751 3290 7
787 3240 879 3278 etc.
1553 3227 1633 3274 hic
1656 3225 1855 3274 adducto
1880 3224 2079 3273 affirmat
2098 3262 2111 3283 7
2138 3226 2375 3273 neminem
2401 3233 2573 3271 morta-

512 3316 577 3378 (1)
613 3314 727 3361 Loc.
757 3315 838 3360 cit.
1557 3310 1674 3357 lium
1702 3312 1818 3355 scire
1844 3308 2108 3373 cujusmodi
2133 3310 2188 3355 sit
2210 3307 2286 3355 ille
2307 3308 2449 3371 ignis,
2473 3323 2574 3352 ma-

510 3398 577 3461 (2)
626 3395 894 3444 Commeat.
944 3397 993 3441 in
1038 3410 1136 3458 cap.
1166 3409 1200 3459 9
1242 3392 1293 3441 S.
1323 3392 1467 3440 Marc.
1553 3395 1619 3458 gis
1647 3391 1705 3439 de
1731 3390 2031 3456 qualitatibus
2053 3400 2099 3439 et
2121 3390 2262 3438 modo
2287 3389 2453 3438 urendi
2477 3389 2569 3451 spi-

441 3493 544 3531 tum
579 3482 631 3527 in
673 3496 776 3543 cap.
810 3493 836 3542 7
857 3514 869 3537 ‚
910 3492 968 3543 19
995 3475 1146 3524 Eccli.
1184 3475 1275 3540 Qui
1309 3486 1467 3523 tamen
1553 3477 1669 3524 ritus
1711 3476 2004 3539 incorporeos
2027 3490 2046 3530 ,³
2081 3491 2224 3539 quam
2263 3473 2321 3521 de
2360 3469 2572 3536 specifica

445 3564 536 3613 sibi
564 3580 731 3628 parum
758 3569 969 3609 constare
995 3558 1198 3607 videtur.
1552 3562 1651 3625 ejus
1678 3567 1847 3604 natura
1871 3593 1886 3618 ‚
1924 3557 2068 3604 videri
2099 3557 2148 3604 id
2178 3553 2519 3619 accipiendum.

514 3644 583 3710 (3)
617 3643 956 3692 Animadvertit
990 3652 1145 3689 tamen
1181 3641 1338 3689 Estius
1376 3641 1469 3689 loc.
1624 3639 1693 3703 (lo)
1737 3638 1840 3689 Cfr.
1891 3638 2075 3687 Patuzzi
2107 3675 2119 3696 7
2177 3635 2320 3685 Dias.
2368 3634 2426 3682 de
2471 3633 2578 3680 sede

445 3731 527 3778 cit.
549 3727 575 3794 S
608 3743 665 3776 12
691 3766 704 3788 7
730 3730 780 3774 in
798 3727 891 3774 {ine
910 3764 922 3786 7
954 3723 1006 3775 S.
1028 3723 1342 3789 Augustinum
1368 3741 1470 3789 pas·
1557 3723 1772 3787 inferni,
1811 3722 1978 3770 Venet.
2022 3718 2169 3784 1763.
