<?xml version="1.0" encoding="UTF-8"?>
<!DOCTYPE html PUBLIC "-//W3C//DTD XHTML 1.0 Transitional//EN"
    "http://www.w3.org/TR/xhtml1/DTD/xhtml1-transitional.dtd">
<html xmlns="http://www.w3.org/1999/xhtml" xml:lang="en" lang="en">
 <head>
  <title>
</title>
<meta http-equiv="Content-Type" content="text/html;charset=utf-8" />
  <meta name='ocr-system' content='tesseract 3.04.00' />
  <meta name='ocr-capabilities' content='ocr_page ocr_carea ocr_par ocr_line ocrx_word'/>
</head>
<body>
  <div class='ocr_page' id='page_1' title='image "a603693803perruoft_0258.png"; bbox 0 0 2580 4152; ppageno 0'>
   <div class='ocr_carea' id='block_1_1' title="bbox 334 241 1816 307">
    <p class='ocr_par' dir='ltr' id='par_1_1' title="bbox 334 241 1816 307">
     <span class='ocr_line' id='line_1_1' title="bbox 334 241 1816 307; baseline 0.003 -8"><span class='ocrx_word' id='word_1_1' title='bbox 334 241 455 300; x_wconf 75' lang='lat'>250</span> <span class='ocrx_word' id='word_1_2' title='bbox 997 267 1196 304; x_wconf 63' lang='lat' dir='ltr'>raacr.</span> <span class='ocrx_word' id='word_1_3' title='bbox 1247 268 1317 303; x_wconf 72' lang='lat' dir='ltr'>na</span> <span class='ocrx_word' id='word_1_4' title='bbox 1362 268 1465 303; x_wconf 70' lang='lat' dir='ltr'>nno</span> <span class='ocrx_word' id='word_1_5' title='bbox 1509 242 1816 307; x_wconf 59' lang='lat' dir='ltr'>cRaAioaa.</span> 
     </span>
    </p>
   </div>
   <div class='ocr_carea' id='block_1_2' title="bbox 332 405 2501 3199">
    <p class='ocr_par' dir='ltr' id='par_1_2' title="bbox 332 405 2489 1528">
     <span class='ocr_line' id='line_1_2' title="bbox 332 405 2473 494; baseline 0.003 -26"><span class='ocrx_word' id='word_1_6' title='bbox 332 418 528 468; x_wconf 87' lang='lat' dir='ltr'>morte</span> <span class='ocrx_word' id='word_1_7' title='bbox 570 405 880 467; x_wconf 87' lang='lat' dir='ltr'>subeunda</span> <span class='ocrx_word' id='word_1_8' title='bbox 915 452 931 482; x_wconf 90' lang='lat'>7</span> <span class='ocrx_word' id='word_1_9' title='bbox 967 428 1102 466; x_wconf 90' lang='lat' dir='ltr'>cum</span> <span class='ocrx_word' id='word_1_10' title='bbox 1133 405 1245 466; x_wconf 86' lang='lat' dir='ltr'>sibi</span> <span class='ocrx_word' id='word_1_11' title='bbox 1289 409 1650 468; x_wconf 86' lang='lat' dir='ltr'>servandum</span> <span class='ocrx_word' id='word_1_12' title='bbox 1687 423 1841 472; x_wconf 85' lang='lat' dir='ltr'>esset</span> <span class='ocrx_word' id='word_1_13' title='bbox 1875 423 2239 494; x_wconf 66' lang='lat' dir='ltr'>praeceptum</span> <span class='ocrx_word' id='word_1_14' title='bbox 2271 414 2473 474; x_wconf 86' lang='lat' dir='ltr'>Patris.</span> 
     </span>
     <span class='ocr_line' id='line_1_3' title="bbox 334 503 2476 588; baseline 0.006 -32"><span class='ocrx_word' id='word_1_15' title='bbox 334 505 553 583; x_wconf 85' lang='lat' dir='ltr'>Ergo...</span> <span class='ocrx_word' id='word_1_16' title='bbox 589 503 727 561; x_wconf 81' lang='lat' dir='ltr'>Haec</span> <span class='ocrx_word' id='word_1_17' title='bbox 759 514 960 562; x_wconf 87' lang='lat' dir='ltr'>autem</span> <span class='ocrx_word' id='word_1_18' title='bbox 990 504 1421 562; x_wconf 90' lang='lat' dir='ltr'>confirmantur</span> <span class='ocrx_word' id='word_1_19' title='bbox 1448 525 1520 563; x_wconf 83' lang='lat' dir='ltr'>ex</span> <span class='ocrx_word' id='word_1_20' title='bbox 1547 504 1616 563; x_wconf 86' lang='lat' dir='ltr'>iis</span> <span class='ocrx_word' id='word_1_21' title='bbox 1654 551 1670 580; x_wconf 86' lang='lat'>7</span> <span class='ocrx_word' id='word_1_22' title='bbox 1697 528 1827 588; x_wconf 83' lang='lat' dir='ltr'>quae</span> <span class='ocrx_word' id='word_1_23' title='bbox 1853 507 2056 567; x_wconf 89' lang='lat' dir='ltr'>scribit</span> <span class='ocrx_word' id='word_1_24' title='bbox 2097 510 2153 567; x_wconf 90' lang='lat' dir='ltr'>S.</span> <span class='ocrx_word' id='word_1_25' title='bbox 2186 507 2437 569; x_wconf 87' lang='lat' dir='ltr'>Thomas</span> <span class='ocrx_word' id='word_1_26' title='bbox 2459 555 2476 585; x_wconf 90' lang='lat'>7</span> 
     </span>
     <span class='ocr_line' id='line_1_4' title="bbox 334 596 2487 686; baseline 0.004 -30"><span class='ocrx_word' id='word_1_27' title='bbox 334 598 627 657; x_wconf 89' lang='lat' dir='ltr'>disserens</span> <span class='ocrx_word' id='word_1_28' title='bbox 662 596 736 657; x_wconf 89' lang='lat' dir='ltr'>de</span> <span class='ocrx_word' id='word_1_29' title='bbox 773 597 959 659; x_wconf 91' lang='lat' dir='ltr'>libero</span> <span class='ocrx_word' id='word_1_30' title='bbox 997 598 1213 658; x_wconf 85' lang='lat' dir='ltr'>Christi</span> <span class='ocrx_word' id='word_1_31' title='bbox 1242 598 1489 658; x_wconf 89' lang='lat' dir='ltr'>arbitrio</span> <span class='ocrx_word' id='word_1_32' title='bbox 1514 622 1528 658; x_wconf 89' lang='lat'>:</span> <span class='ocrx_word' id='word_1_33' title='bbox 1569 601 1674 661; x_wconf 85' lang='lat' dir='ltr'>Vel</span> <span class='ocrx_word' id='word_1_34' title='bbox 1695 603 2061 677; x_wconf 78' lang='lat' dir='ltr'>dicendum,</span> <span class='ocrx_word' id='word_1_35' title='bbox 2089 605 2306 686; x_wconf 84' lang='lat' dir='ltr'>inquit7</span> <span class='ocrx_word' id='word_1_36' title='bbox 2332 608 2487 686; x_wconf 77' lang='lat' dir='ltr'>quod</span> 
     </span>
     <span class='ocr_line' id='line_1_5' title="bbox 335 692 2489 777; baseline 0.004 -23"><span class='ocrx_word' id='word_1_37' title='bbox 335 699 396 754; x_wconf 85' lang='lat' dir='ltr'>si</span> <span class='ocrx_word' id='word_1_38' title='bbox 443 697 627 752; x_wconf 83' lang='lat' dir='ltr'>etiam</span> <span class='ocrx_word' id='word_1_39' title='bbox 681 692 973 776; x_wconf 87' lang='lat' dir='ltr'>(liberum</span> <span class='ocrx_word' id='word_1_40' title='bbox 1022 693 1335 754; x_wconf 86' lang='lat' dir='ltr'>arbitrium</span> <span class='ocrx_word' id='word_1_41' title='bbox 1390 695 1646 777; x_wconf 82' lang='lat' dir='ltr'>Christi)</span> <span class='ocrx_word' id='word_1_42' title='bbox 1697 709 1841 756; x_wconf 85' lang='lat' dir='ltr'>esset</span> <span class='ocrx_word' id='word_1_43' title='bbox 1888 700 2357 760; x_wconf 80' lang='lat' dir='ltr'>determinatum</span> <span class='ocrx_word' id='word_1_44' title='bbox 2401 704 2489 762; x_wconf 81' lang='lat' dir='ltr'>ad</span> 
     </span>
     <span class='ocr_line' id='line_1_6' title="bbox 334 793 2486 878; baseline 0.005 -30"><span class='ocrx_word' id='word_1_45' title='bbox 334 812 539 849; x_wconf 77' lang='lat' dir='ltr'>unum</span> <span class='ocrx_word' id='word_1_46' title='bbox 566 812 822 850; x_wconf 75' lang='lat' dir='ltr'>numero</span> <span class='ocrx_word' id='word_1_47' title='bbox 851 837 867 867; x_wconf 94' lang='lat'>7</span> <span class='ocrx_word' id='word_1_48' title='bbox 904 796 1067 851; x_wconf 80' lang='lat' dir='ltr'>sicut</span> <span class='ocrx_word' id='word_1_49' title='bbox 1102 793 1190 850; x_wconf 83' lang='lat' dir='ltr'>ad</span> <span class='ocrx_word' id='word_1_50' title='bbox 1226 793 1608 874; x_wconf 56' lang='lat' dir='ltr'>diligendum</span> <span class='ocrx_word' id='word_1_51' title='bbox 1647 796 1886 867; x_wconf 81' lang='lat' dir='ltr'>Deum,</span> <span class='ocrx_word' id='word_1_52' title='bbox 1924 798 2087 875; x_wconf 76' lang='lat' dir='ltr'>quod</span> <span class='ocrx_word' id='word_1_53' title='bbox 2123 819 2244 859; x_wconf 74' lang='lat' dir='ltr'>non</span> <span class='ocrx_word' id='word_1_54' title='bbox 2280 803 2486 878; x_wconf 77' lang='lat' dir='ltr'>facere</span> 
     </span>
     <span class='ocr_line' id='line_1_7' title="bbox 336 890 2484 966; baseline 0.005 -22"><span class='ocrx_word' id='word_1_55' title='bbox 336 907 462 944; x_wconf 78' lang='lat' dir='ltr'>non</span> <span class='ocrx_word' id='word_1_56' title='bbox 496 897 716 966; x_wconf 74' lang='lat' dir='ltr'>potestt,</span> <span class='ocrx_word' id='word_1_57' title='bbox 759 898 962 947; x_wconf 79' lang='lat' dir='ltr'>tamen</span> <span class='ocrx_word' id='word_1_58' title='bbox 1000 910 1072 947; x_wconf 72' lang='lat' dir='ltr'>ece</span> <span class='ocrx_word' id='word_1_59' title='bbox 1114 890 1221 947; x_wconf 72' lang='lat' dir='ltr'>hoc</span> <span class='ocrx_word' id='word_1_60' title='bbox 1250 911 1375 948; x_wconf 69' lang='lat' dir='ltr'>‘non</span> <span class='ocrx_word' id='word_1_61' title='bbox 1417 893 1650 948; x_wconf 85' lang='lat' dir='ltr'>amittit</span> <span class='ocrx_word' id='word_1_62' title='bbox 1686 891 2027 949; x_wconf 81' lang='lat' dir='ltr'>libertatem</span> <span class='ocrx_word' id='word_1_63' title='bbox 2051 904 2162 951; x_wconf 80' lang='lat' dir='ltr'>aut</span> <span class='ocrx_word' id='word_1_64' title='bbox 2187 901 2484 954; x_wconf 83' lang='lat' dir='ltr'>rationem</span> 
     </span>
     <span class='ocr_line' id='line_1_8' title="bbox 336 983 2489 1068; baseline 0.005 -28"><span class='ocrx_word' id='word_1_65' title='bbox 336 983 541 1042; x_wconf 80' lang='lat' dir='ltr'>laudis</span> <span class='ocrx_word' id='word_1_66' title='bbox 568 988 689 1041; x_wconf 88' lang='lat' dir='ltr'>sive</span> <span class='ocrx_word' id='word_1_67' title='bbox 708 989 921 1043; x_wconf 84' lang='lat' dir='ltr'>meriti</span> <span class='ocrx_word' id='word_1_68' title='bbox 936 1031 951 1058; x_wconf 87' lang='lat'>7</span> <span class='ocrx_word' id='word_1_69' title='bbox 984 989 1135 1064; x_wconf 80' lang='lat' dir='ltr'>quia</span> <span class='ocrx_word' id='word_1_70' title='bbox 1159 988 1229 1044; x_wconf 83' lang='lat' dir='ltr'>in</span> <span class='ocrx_word' id='word_1_71' title='bbox 1257 987 1420 1044; x_wconf 81' lang='lat' dir='ltr'>illud</span> <span class='ocrx_word' id='word_1_72' title='bbox 1440 1007 1561 1045; x_wconf 79' lang='lat' dir='ltr'>non</span> <span class='ocrx_word' id='word_1_73' title='bbox 1594 998 1784 1046; x_wconf 84' lang='lat' dir='ltr'>coacte</span> <span class='ocrx_word' id='word_1_74' title='bbox 1807 1033 1822 1060; x_wconf 90' lang='lat'>7</span> <span class='ocrx_word' id='word_1_75' title='bbox 1848 988 1952 1046; x_wconf 82' lang='lat' dir='ltr'>sed</span> <span class='ocrx_word' id='word_1_76' title='bbox 1970 998 2172 1068; x_wconf 77' lang='lat' dir='ltr'>sponte</span> <span class='ocrx_word' id='word_1_77' title='bbox 2195 991 2406 1063; x_wconf 81' lang='lat' dir='ltr'>tendit,</span> <span class='ocrx_word' id='word_1_78' title='bbox 2433 1002 2489 1049; x_wconf 83' lang='lat' dir='ltr'>et</span> 
     </span>
     <span class='ocr_line' id='line_1_9' title="bbox 336 1082 2485 1164; baseline 0.005 -27"><span class='ocrx_word' id='word_1_79' title='bbox 336 1083 430 1137; x_wconf 80' lang='lat' dir='ltr'>ita</span> <span class='ocrx_word' id='word_1_80' title='bbox 463 1090 549 1138; x_wconf 90' lang='lat' dir='ltr'>est</span> <span class='ocrx_word' id='word_1_81' title='bbox 572 1091 740 1140; x_wconf 82' lang='lat' dir='ltr'>actus</span> <span class='ocrx_word' id='word_1_82' title='bbox 763 1085 868 1140; x_wconf 82' lang='lat' dir='ltr'>sui</span> <span class='ocrx_word' id='word_1_83' title='bbox 890 1082 1179 1140; x_wconf 76' lang='lat' dir='ltr'>dominus</span> <span class='ocrx_word' id='word_1_84' title='bbox 1208 1082 1317 1164; x_wconf 88' lang='lat' dir='ltr'>(l).</span> <span class='ocrx_word' id='word_1_85' title='bbox 1352 1083 1499 1163; x_wconf 81' lang='lat' dir='ltr'>Ergo</span> <span class='ocrx_word' id='word_1_86' title='bbox 1516 1088 1685 1162; x_wconf 77' lang='lat' dir='ltr'>juxta</span> <span class='ocrx_word' id='word_1_87' title='bbox 1717 1085 1775 1143; x_wconf 91' lang='lat' dir='ltr'>S.</span> <span class='ocrx_word' id='word_1_88' title='bbox 1801 1083 2091 1143; x_wconf 89' lang='lat' dir='ltr'>Thomam</span> <span class='ocrx_word' id='word_1_89' title='bbox 2125 1085 2187 1143; x_wconf 90' lang='lat'>10</span> <span class='ocrx_word' id='word_1_90' title='bbox 2215 1107 2339 1144; x_wconf 89' lang='lat' dir='ltr'>non</span> <span class='ocrx_word' id='word_1_91' title='bbox 2370 1086 2485 1146; x_wconf 83' lang='lat' dir='ltr'>tol-</span> 
     </span>
     <span class='ocr_line' id='line_1_10' title="bbox 338 1174 2487 1248; baseline 0.003 -14"><span class='ocrx_word' id='word_1_92' title='bbox 338 1174 481 1235; x_wconf 90' lang='lat' dir='ltr'>litur</span> <span class='ocrx_word' id='word_1_93' title='bbox 506 1175 749 1237; x_wconf 89' lang='lat' dir='ltr'>libertas</span> <span class='ocrx_word' id='word_1_94' title='bbox 775 1200 847 1238; x_wconf 70' lang='lat' dir='ltr'>em</span> <span class='ocrx_word' id='word_1_95' title='bbox 884 1179 1384 1238; x_wconf 73' lang='lat' dir='ltr'>determinatione</span> <span class='ocrx_word' id='word_1_96' title='bbox 1413 1181 1499 1239; x_wconf 81' lang='lat' dir='ltr'>ad</span> <span class='ocrx_word' id='word_1_97' title='bbox 1522 1203 1720 1240; x_wconf 76' lang='lat' dir='ltr'>unum</span> <span class='ocrx_word' id='word_1_98' title='bbox 1743 1204 1765 1248; x_wconf 90' lang='lat'>,·</span> <span class='ocrx_word' id='word_1_99' title='bbox 1788 1181 1850 1239; x_wconf 74' lang='lat'>2⁰</span> <span class='ocrx_word' id='word_1_100' title='bbox 1878 1180 1954 1239; x_wconf 87' lang='lat' dir='ltr'>ad</span> <span class='ocrx_word' id='word_1_101' title='bbox 1975 1182 2269 1241; x_wconf 87' lang='lat' dir='ltr'>rationem</span> <span class='ocrx_word' id='word_1_102' title='bbox 2294 1182 2487 1241; x_wconf 88' lang='lat' dir='ltr'>meriti</span> 
     </span>
     <span class='ocr_line' id='line_1_11' title="bbox 339 1272 2489 1355; baseline 0.001 -24"><span class='ocrx_word' id='word_1_103' title='bbox 339 1294 406 1332; x_wconf 90' lang='lat' dir='ltr'>ac</span> <span class='ocrx_word' id='word_1_104' title='bbox 426 1272 620 1333; x_wconf 89' lang='lat' dir='ltr'>laudis</span> <span class='ocrx_word' id='word_1_105' title='bbox 647 1285 738 1334; x_wconf 86' lang='lat' dir='ltr'>sat</span> <span class='ocrx_word' id='word_1_106' title='bbox 766 1286 893 1348; x_wconf 81' lang='lat' dir='ltr'>est,</span> <span class='ocrx_word' id='word_1_107' title='bbox 923 1298 1047 1334; x_wconf 89' lang='lat' dir='ltr'>non</span> <span class='ocrx_word' id='word_1_108' title='bbox 1068 1287 1283 1349; x_wconf 78' lang='lat' dir='ltr'>coaete7</span> <span class='ocrx_word' id='word_1_109' title='bbox 1305 1275 1408 1335; x_wconf 89' lang='lat' dir='ltr'>sed</span> <span class='ocrx_word' id='word_1_110' title='bbox 1432 1288 1635 1355; x_wconf 81' lang='lat' dir='ltr'>sponte</span> <span class='ocrx_word' id='word_1_111' title='bbox 1662 1277 1723 1335; x_wconf 91' lang='lat' dir='ltr'>in</span> <span class='ocrx_word' id='word_1_112' title='bbox 1741 1275 2057 1336; x_wconf 83' lang='lat' dir='ltr'>laudabilia</span> <span class='ocrx_word' id='word_1_113' title='bbox 2073 1276 2244 1353; x_wconf 88' lang='lat' dir='ltr'>ferri7</span> <span class='ocrx_word' id='word_1_114' title='bbox 2270 1299 2374 1337; x_wconf 90' lang='lat' dir='ltr'>seu</span> <span class='ocrx_word' id='word_1_115' title='bbox 2402 1299 2489 1335; x_wconf 90' lang='lat' dir='ltr'>so-</span> 
     </span>
     <span class='ocr_line' id='line_1_12' title="bbox 339 1368 2489 1456; baseline 0.002 -28"><span class='ocrx_word' id='word_1_116' title='bbox 339 1368 396 1428; x_wconf 90' lang='lat' dir='ltr'>la</span> <span class='ocrx_word' id='word_1_117' title='bbox 423 1380 667 1430; x_wconf 80' lang='lat' dir='ltr'>externa</span> <span class='ocrx_word' id='word_1_118' title='bbox 697 1372 916 1432; x_wconf 84' lang='lat' dir='ltr'>coactio</span> <span class='ocrx_word' id='word_1_119' title='bbox 938 1418 954 1449; x_wconf 88' lang='lat'>7</span> <span class='ocrx_word' id='word_1_120' title='bbox 984 1395 1109 1433; x_wconf 90' lang='lat' dir='ltr'>non</span> <span class='ocrx_word' id='word_1_121' title='bbox 1151 1384 1351 1432; x_wconf 89' lang='lat' dir='ltr'>autem</span> <span class='ocrx_word' id='word_1_122' title='bbox 1385 1373 1699 1433; x_wconf 86' lang='lat' dir='ltr'>necessitas</span> <span class='ocrx_word' id='word_1_123' title='bbox 1738 1385 1840 1432; x_wconf 90' lang='lat' dir='ltr'>aut</span> <span class='ocrx_word' id='word_1_124' title='bbox 1872 1374 2275 1456; x_wconf 87' lang='lat' dir='ltr'>spontaneitas</span> <span class='ocrx_word' id='word_1_125' title='bbox 2307 1373 2489 1434; x_wconf 84' lang='lat' dir='ltr'>officit</span> 
     </span>
     <span class='ocr_line' id='line_1_13' title="bbox 346 1465 627 1528; baseline 0.007 -3"><span class='ocrx_word' id='word_1_126' title='bbox 346 1465 627 1528; x_wconf 86' lang='lat' dir='ltr'>libertati.</span> 
     </span>
    </p>

    <p class='ocr_par' dir='ltr' id='par_1_3' title="bbox 339 1563 2496 2710">
     <span class='ocr_line' id='line_1_14' title="bbox 425 1563 2487 1647; baseline 0.001 -25"><span class='ocrx_word' id='word_1_127' title='bbox 425 1563 565 1623; x_wconf 81' lang='lat'><strong>537.</strong></span> <span class='ocrx_word' id='word_1_128' title='bbox 612 1567 788 1647; x_wconf 89' lang='lat' dir='ltr'>Resp.</span> <span class='ocrx_word' id='word_1_129' title='bbox 832 1566 990 1626; x_wconf 89' lang='lat' dir='ltr'>Dist.</span> <span class='ocrx_word' id='word_1_130' title='bbox 1013 1571 1301 1646; x_wconf 87' lang='lat' dir='ltr'>primam</span> <span class='ocrx_word' id='word_1_131' title='bbox 1322 1577 1569 1646; x_wconf 86' lang='lat' dir='ltr'>partem</span> <span class='ocrx_word' id='word_1_132' title='bbox 1604 1571 1753 1644; x_wconf 78' lang='lat' dir='ltr'>maj.</span> <span class='ocrx_word' id='word_1_133' title='bbox 1789 1565 2054 1624; x_wconf 89' lang='lat' dir='ltr'>Christus</span> <span class='ocrx_word' id='word_1_134' title='bbox 2089 1565 2242 1626; x_wconf 90' lang='lat' dir='ltr'>liber</span> <span class='ocrx_word' id='word_1_135' title='bbox 2279 1566 2392 1625; x_wconf 88' lang='lat' dir='ltr'>fuit</span> <span class='ocrx_word' id='word_1_136' title='bbox 2421 1567 2487 1625; x_wconf 90' lang='lat' dir='ltr'>in</span> 
     </span>
     <span class='ocr_line' id='line_1_15' title="bbox 343 1649 2484 1744; baseline 0.001 -25"><span class='ocrx_word' id='word_1_137' title='bbox 343 1649 600 1720; x_wconf 80' lang='lat' dir='ltr'>amando</span> <span class='ocrx_word' id='word_1_138' title='bbox 638 1663 761 1721; x_wconf 89' lang='lat' dir='ltr'>Deo</span> <span class='ocrx_word' id='word_1_139' title='bbox 781 1709 796 1736; x_wconf 89' lang='lat'>7</span> <span class='ocrx_word' id='word_1_140' title='bbox 844 1674 1137 1744; x_wconf 89' lang='lat' dir='ltr'>quatenus</span> <span class='ocrx_word' id='word_1_141' title='bbox 1179 1684 1345 1722; x_wconf 89' lang='lat' dir='ltr'>amor</span> <span class='ocrx_word' id='word_1_142' title='bbox 1380 1661 1481 1721; x_wconf 88' lang='lat' dir='ltr'>ille</span> <span class='ocrx_word' id='word_1_143' title='bbox 1521 1662 1599 1721; x_wconf 87' lang='lat' dir='ltr'>ad</span> <span class='ocrx_word' id='word_1_144' title='bbox 1625 1673 1918 1721; x_wconf 87' lang='lat' dir='ltr'>creaturas</span> <span class='ocrx_word' id='word_1_145' title='bbox 1945 1661 2264 1738; x_wconf 87' lang='lat' dir='ltr'>tendebat7</span> <span class='ocrx_word' id='word_1_146' title='bbox 2298 1684 2484 1737; x_wconf 80' lang='lat' dir='ltr'>cone.;</span> 
     </span>
     <span class='ocr_line' id='line_1_16' title="bbox 342 1757 2490 1840; baseline 0.001 -24"><span class='ocrx_word' id='word_1_147' title='bbox 342 1768 636 1840; x_wconf 89' lang='lat' dir='ltr'>quatenus</span> <span class='ocrx_word' id='word_1_148' title='bbox 674 1780 842 1819; x_wconf 90' lang='lat' dir='ltr'>amor</span> <span class='ocrx_word' id='word_1_149' title='bbox 877 1758 976 1820; x_wconf 91' lang='lat' dir='ltr'>ille</span> <span class='ocrx_word' id='word_1_150' title='bbox 1003 1758 1269 1821; x_wconf 89' lang='lat' dir='ltr'>divinam</span> <span class='ocrx_word' id='word_1_151' title='bbox 1296 1758 1631 1818; x_wconf 89' lang='lat' dir='ltr'>bonitatem</span> <span class='ocrx_word' id='word_1_152' title='bbox 1663 1757 2037 1818; x_wconf 84' lang='lat' dir='ltr'>essentialem</span> <span class='ocrx_word' id='word_1_153' title='bbox 2077 1758 2351 1827; x_wconf 86' lang='lat' dir='ltr'>intuitive</span> <span class='ocrx_word' id='word_1_154' title='bbox 2388 1781 2490 1818; x_wconf 85' lang='lat' dir='ltr'>co·-</span> 
     </span>
     <span class='ocr_line' id='line_1_17' title="bbox 339 1853 2486 1937; baseline 0 -26"><span class='ocrx_word' id='word_1_155' title='bbox 339 1854 571 1933; x_wconf 82' lang='lat' dir='ltr'>gnitam</span> <span class='ocrx_word' id='word_1_156' title='bbox 603 1853 910 1937; x_wconf 85' lang='lat' dir='ltr'>spectabat</span> <span class='ocrx_word' id='word_1_157' title='bbox 932 1901 947 1931; x_wconf 99' lang='lat'>7</span> <span class='ocrx_word' id='word_1_158' title='bbox 978 1878 1109 1937; x_wconf 70' lang='lat' dir='ltr'>neq.</span> <span class='ocrx_word' id='word_1_159' title='bbox 1153 1857 1278 1915; x_wconf 92' lang='lat' dir='ltr'>Hoc</span> <span class='ocrx_word' id='word_1_160' title='bbox 1307 1856 1467 1914; x_wconf 90' lang='lat' dir='ltr'>enim</span> <span class='ocrx_word' id='word_1_161' title='bbox 1509 1865 1810 1936; x_wconf 88' lang='lat' dir='ltr'>postremo</span> <span class='ocrx_word' id='word_1_162' title='bbox 1853 1874 2029 1912; x_wconf 89' lang='lat' dir='ltr'>sensu</span> <span class='ocrx_word' id='word_1_163' title='bbox 2063 1865 2226 1913; x_wconf 89' lang='lat' dir='ltr'>actus</span> <span class='ocrx_word' id='word_1_164' title='bbox 2270 1854 2486 1913; x_wconf 90' lang='lat' dir='ltr'>amoris</span> 
     </span>
     <span class='ocr_line' id='line_1_18' title="bbox 342 1946 2481 2023; baseline 0 -15"><span class='ocrx_word' id='word_1_165' title='bbox 342 1946 598 2011; x_wconf 90' lang='lat' dir='ltr'>beatifici</span> <span class='ocrx_word' id='word_1_166' title='bbox 635 1973 745 2012; x_wconf 89' lang='lat' dir='ltr'>nec</span> <span class='ocrx_word' id='word_1_167' title='bbox 775 1951 931 2013; x_wconf 90' lang='lat' dir='ltr'>liber</span> <span class='ocrx_word' id='word_1_168' title='bbox 960 1964 1049 2012; x_wconf 89' lang='lat' dir='ltr'>est</span> <span class='ocrx_word' id='word_1_169' title='bbox 1083 1973 1195 2012; x_wconf 89' lang='lat' dir='ltr'>nec</span> <span class='ocrx_word' id='word_1_170' title='bbox 1217 1950 1564 2010; x_wconf 88' lang='lat' dir='ltr'>indifferens</span> <span class='ocrx_word' id='word_1_171' title='bbox 1586 1996 1601 2022; x_wconf 87' lang='lat'>7</span> <span class='ocrx_word' id='word_1_172' title='bbox 1647 1949 1753 2008; x_wconf 86' lang='lat' dir='ltr'>sed</span> <span class='ocrx_word' id='word_1_173' title='bbox 1796 1948 2040 2008; x_wconf 88' lang='lat' dir='ltr'>omnino</span> <span class='ocrx_word' id='word_1_174' title='bbox 2081 1949 2438 2009; x_wconf 85' lang='lat' dir='ltr'>necessarius</span> <span class='ocrx_word' id='word_1_175' title='bbox 2465 1975 2481 2023; x_wconf 71' lang='grc' dir='ltr'><strong>ς</strong></span> 
     </span>
     <span class='ocr_line' id='line_1_19' title="bbox 344 2044 2490 2129; baseline 0 -25"><span class='ocrx_word' id='word_1_176' title='bbox 344 2057 404 2105; x_wconf 91' lang='lat' dir='ltr'>at</span> <span class='ocrx_word' id='word_1_177' title='bbox 449 2047 632 2129; x_wconf 87' lang='lat' dir='ltr'>priori</span> <span class='ocrx_word' id='word_1_178' title='bbox 673 2070 850 2109; x_wconf 91' lang='lat' dir='ltr'>sensu</span> <span class='ocrx_word' id='word_1_179' title='bbox 887 2059 1048 2109; x_wconf 89' lang='lat' dir='ltr'>actus</span> <span class='ocrx_word' id='word_1_180' title='bbox 1093 2048 1308 2107; x_wconf 89' lang='lat' dir='ltr'>amoris</span> <span class='ocrx_word' id='word_1_181' title='bbox 1342 2048 1409 2105; x_wconf 88' lang='lat' dir='ltr'>in</span> <span class='ocrx_word' id='word_1_182' title='bbox 1454 2045 1686 2106; x_wconf 89' lang='lat' dir='ltr'>Christo</span> <span class='ocrx_word' id='word_1_183' title='bbox 1720 2044 1872 2104; x_wconf 87' lang='lat' dir='ltr'>liber</span> <span class='ocrx_word' id='word_1_184' title='bbox 1902 2045 2013 2104; x_wconf 90' lang='lat' dir='ltr'>fuit</span> <span class='ocrx_word' id='word_1_185' title='bbox 2055 2044 2329 2105; x_wconf 85' lang='lat' dir='ltr'>libertate</span> <span class='ocrx_word' id='word_1_186' title='bbox 2365 2067 2490 2126; x_wconf 84' lang='lat' dir='ltr'>spe-</span> 
     </span>
     <span class='ocr_line' id='line_1_20' title="bbox 343 2142 2488 2225; baseline 0 -23"><span class='ocrx_word' id='word_1_187' title='bbox 343 2145 704 2223; x_wconf 76' lang='lat' dir='ltr'>cificationis</span> <span class='ocrx_word' id='word_1_188' title='bbox 743 2167 847 2206; x_wconf 89' lang='lat' dir='ltr'>seu</span> <span class='ocrx_word' id='word_1_189' title='bbox 882 2147 1292 2225; x_wconf 73' lang='lat' dir='ltr'>disparitatis.</span> <span class='ocrx_word' id='word_1_190' title='bbox 1331 2145 1499 2203; x_wconf 86' lang='lat' dir='ltr'>Licet</span> <span class='ocrx_word' id='word_1_191' title='bbox 1542 2147 1705 2201; x_wconf 80' lang='lat' dir='ltr'>enim</span> <span class='ocrx_word' id='word_1_192' title='bbox 1743 2147 1958 2201; x_wconf 84' lang='lat' dir='ltr'>anima</span> <span class='ocrx_word' id='word_1_193' title='bbox 1988 2142 2216 2202; x_wconf 77' lang='lat' dir='ltr'>Christi</span> <span class='ocrx_word' id='word_1_194' title='bbox 2237 2187 2253 2219; x_wconf 82' lang='lat'>7</span> <span class='ocrx_word' id='word_1_195' title='bbox 2293 2142 2488 2224; x_wconf 90' lang='lat' dir='ltr'>inquit</span> 
     </span>
     <span class='ocr_line' id='line_1_21' title="bbox 346 2239 2492 2319; baseline 0 -21"><span class='ocrx_word' id='word_1_196' title='bbox 346 2240 407 2299; x_wconf 88' lang='lat' dir='ltr'>S.</span> <span class='ocrx_word' id='word_1_197' title='bbox 437 2241 724 2316; x_wconf 82' lang='lat' dir='ltr'>Thomas,</span> <span class='ocrx_word' id='word_1_198' title='bbox 757 2253 901 2302; x_wconf 85' lang='lat' dir='ltr'>esset</span> <span class='ocrx_word' id='word_1_199' title='bbox 925 2244 1327 2302; x_wconf 77' lang='lat' dir='ltr'>determinata</span> <span class='ocrx_word' id='word_1_200' title='bbox 1364 2242 1452 2299; x_wconf 79' lang='lat' dir='ltr'>ad</span> <span class='ocrx_word' id='word_1_201' title='bbox 1478 2261 1677 2299; x_wconf 80' lang='lat' dir='ltr'>unum</span> <span class='ocrx_word' id='word_1_202' title='bbox 1721 2239 2055 2298; x_wconf 76' lang='lat' dir='ltr'>seeundum</span> <span class='ocrx_word' id='word_1_203' title='bbox 2079 2260 2273 2319; x_wconf 64' lang='lat' dir='ltr'>genus</span> <span class='ocrx_word' id='word_1_204' title='bbox 2302 2243 2492 2298; x_wconf 86' lang='lat' dir='ltr'>moris</span> 
     </span>
     <span class='ocr_line' id='line_1_22' title="bbox 349 2334 2487 2415; baseline -0.002 -19"><span class='ocrx_word' id='word_1_205' title='bbox 349 2339 576 2398; x_wconf 85' lang='lat' dir='ltr'>scilicet</span> <span class='ocrx_word' id='word_1_206' title='bbox 627 2341 715 2398; x_wconf 82' lang='lat' dir='ltr'>ad</span> <span class='ocrx_word' id='word_1_207' title='bbox 752 2340 983 2399; x_wconf 85' lang='lat' dir='ltr'>honum</span> <span class='ocrx_word' id='word_1_208' title='bbox 1014 2385 1031 2415; x_wconf 90' lang='lat'>7</span> <span class='ocrx_word' id='word_1_209' title='bbox 1077 2360 1201 2399; x_wconf 76' lang='lat' dir='ltr'>non</span> <span class='ocrx_word' id='word_1_210' title='bbox 1260 2348 1465 2397; x_wconf 77' lang='lat' dir='ltr'>tamen</span> <span class='ocrx_word' id='word_1_211' title='bbox 1518 2347 1654 2395; x_wconf 82' lang='lat' dir='ltr'>erat</span> <span class='ocrx_word' id='word_1_212' title='bbox 1694 2337 2102 2394; x_wconf 79' lang='lat' dir='ltr'>determinata</span> <span class='ocrx_word' id='word_1_213' title='bbox 2156 2334 2250 2393; x_wconf 78' lang='lat' dir='ltr'>acl</span> <span class='ocrx_word' id='word_1_214' title='bbox 2282 2355 2487 2393; x_wconf 78' lang='lat' dir='ltr'>unum</span> 
     </span>
     <span class='ocr_line' id='line_1_23' title="bbox 344 2430 2496 2518; baseline -0.003 -24"><span class='ocrx_word' id='word_1_215' title='bbox 344 2437 742 2516; x_wconf 80' lang='lat' dir='ltr'>simpliez&#39;ter3</span> <span class='ocrx_word' id='word_1_216' title='bbox 768 2447 1010 2518; x_wconf 81' lang='lat' dir='ltr'>poterat</span> <span class='ocrx_word' id='word_1_217' title='bbox 1043 2441 1209 2496; x_wconf 78' lang='lat' dir='ltr'>enim</span> <span class='ocrx_word' id='word_1_218' title='bbox 1237 2435 1340 2494; x_wconf 78' lang='lat' dir='ltr'>hoe</span> <span class='ocrx_word' id='word_1_219' title='bbox 1365 2435 1456 2493; x_wconf 80' lang='lat' dir='ltr'>vel</span> <span class='ocrx_word' id='word_1_220' title='bbox 1485 2433 1648 2492; x_wconf 77' lang='lat' dir='ltr'>illud</span> <span class='ocrx_word' id='word_1_221' title='bbox 1673 2436 1878 2512; x_wconf 78' lang='lat' dir='ltr'>faeere</span> <span class='ocrx_word' id='word_1_222' title='bbox 1913 2442 1968 2491; x_wconf 91' lang='lat' dir='ltr'>et</span> <span class='ocrx_word' id='word_1_223' title='bbox 1998 2453 2121 2490; x_wconf 72' lang='lat' dir='ltr'>non</span> <span class='ocrx_word' id='word_1_224' title='bbox 2146 2433 2371 2510; x_wconf 77' lang='lat' dir='ltr'>faeere.</span> <span class='ocrx_word' id='word_1_225' title='bbox 2405 2430 2496 2491; x_wconf 81' lang='lat' dir='ltr'>Et</span> 
     </span>
     <span class='ocr_line' id='line_1_24' title="bbox 346 2528 2491 2610; baseline -0.003 -20"><span class='ocrx_word' id='word_1_226' title='bbox 346 2534 478 2593; x_wconf 83' lang='lat' dir='ltr'>ideo</span> <span class='ocrx_word' id='word_1_227' title='bbox 528 2535 779 2593; x_wconf 82' lang='lat' dir='ltr'>libertas</span> <span class='ocrx_word' id='word_1_228' title='bbox 837 2537 909 2593; x_wconf 77' lang='lat' dir='ltr'>in</span> <span class='ocrx_word' id='word_1_229' title='bbox 953 2554 1016 2593; x_wconf 91' lang='lat' dir='ltr'>eo</span> <span class='ocrx_word' id='word_1_230' title='bbox 1076 2532 1473 2603; x_wconf 78' lang='lat' dir='ltr'>remanebat,</span> <span class='ocrx_word' id='word_1_231' title='bbox 1534 2551 1670 2610; x_wconf 80' lang='lat' dir='ltr'>quoe</span> <span class='ocrx_word' id='word_1_232' title='bbox 1726 2531 2074 2608; x_wconf 78' lang='lat' dir='ltr'>requiritur</span> <span class='ocrx_word' id='word_1_233' title='bbox 2127 2528 2217 2586; x_wconf 82' lang='lat' dir='ltr'>ad</span> <span class='ocrx_word' id='word_1_234' title='bbox 2254 2547 2491 2585; x_wconf 76' lang='lat' dir='ltr'>meren-</span> 
     </span>
     <span class='ocr_line' id='line_1_25' title="bbox 348 2630 647 2710; baseline 0.01 -23"><span class='ocrx_word' id='word_1_235' title='bbox 348 2630 499 2688; x_wconf 80' lang='lat' dir='ltr'>dum</span> <span class='ocrx_word' id='word_1_236' title='bbox 536 2630 647 2710; x_wconf 74' lang='lat'><strong>(2).</strong></span> 
     </span>
    </p>

    <p class='ocr_par' dir='ltr' id='par_1_4' title="bbox 350 2721 2501 3199">
     <span class='ocr_line' id='line_1_26' title="bbox 433 2721 2491 2808; baseline -0.004 -24"><span class='ocrx_word' id='word_1_237' title='bbox 433 2725 572 2787; x_wconf 79' lang='lat'>538.</span> <span class='ocrx_word' id='word_1_238' title='bbox 619 2726 883 2788; x_wconf 89' lang='lat' dir='ltr'>Alteram</span> <span class='ocrx_word' id='word_1_239' title='bbox 919 2727 1161 2806; x_wconf 84' lang='lat' dir='ltr'>majoris</span> <span class='ocrx_word' id='word_1_240' title='bbox 1191 2736 1425 2808; x_wconf 89' lang='lat' dir='ltr'>partem</span> <span class='ocrx_word' id='word_1_241' title='bbox 1455 2723 1530 2783; x_wconf 90' lang='lat' dir='ltr'>de</span> <span class='ocrx_word' id='word_1_242' title='bbox 1567 2721 1756 2783; x_wconf 88' lang='lat' dir='ltr'>libera</span> <span class='ocrx_word' id='word_1_243' title='bbox 1788 2721 2002 2782; x_wconf 90' lang='lat' dir='ltr'>Christi</span> <span class='ocrx_word' id='word_1_244' title='bbox 2033 2729 2222 2779; x_wconf 87' lang='lat' dir='ltr'>morte</span> <span class='ocrx_word' id='word_1_245' title='bbox 2245 2763 2261 2793; x_wconf 90' lang='lat'>7</span> <span class='ocrx_word' id='word_1_246' title='bbox 2292 2739 2491 2784; x_wconf 66' lang='lat' dir='ltr'>conc„-</span> 
     </span>
     <span class='ocr_line' id='line_1_27' title="bbox 354 2823 2490 2907; baseline -0.007 -22"><span class='ocrx_word' id='word_1_247' title='bbox 354 2826 610 2886; x_wconf 74' lang='lat' dir='ltr'>Ohlatus</span> <span class='ocrx_word' id='word_1_248' title='bbox 640 2832 805 2886; x_wconf 82' lang='lat' dir='ltr'>enim</span> <span class='ocrx_word' id='word_1_249' title='bbox 833 2838 952 2902; x_wconf 89' lang='lat' dir='ltr'>est7</span> <span class='ocrx_word' id='word_1_250' title='bbox 987 2830 1141 2907; x_wconf 81' lang='lat' dir='ltr'>quia</span> <span class='ocrx_word' id='word_1_251' title='bbox 1177 2829 1303 2905; x_wconf 84' lang='lat' dir='ltr'>ipse</span> <span class='ocrx_word' id='word_1_252' title='bbox 1339 2824 1559 2889; x_wconf 78' lang='lat' dir='ltr'>voluit;</span> <span class='ocrx_word' id='word_1_253' title='bbox 1594 2832 1655 2880; x_wconf 91' lang='lat' dir='ltr'>at</span> <span class='ocrx_word' id='word_1_254' title='bbox 1696 2841 1829 2899; x_wconf 68' lang='lat' dir='ltr'>neq.</span> <span class='ocrx_word' id='word_1_255' title='bbox 1875 2823 2031 2877; x_wconf 79' lang='lat' dir='ltr'>min.</span> <span class='ocrx_word' id='word_1_256' title='bbox 2077 2838 2148 2876; x_wconf 84' lang='lat' dir='ltr'>ex</span> <span class='ocrx_word' id='word_1_257' title='bbox 2183 2835 2249 2874; x_wconf 89' lang='lat' dir='ltr'>ea</span> <span class='ocrx_word' id='word_1_258' title='bbox 2274 2825 2443 2896; x_wconf 89' lang='lat' dir='ltr'>parte</span> <span class='ocrx_word' id='word_1_259' title='bbox 2473 2859 2490 2887; x_wconf 88' lang='lat'>7</span> 
     </span>
     <span class='ocr_line' id='line_1_28' title="bbox 351 2909 2496 3002; baseline -0.006 -22"><span class='ocrx_word' id='word_1_260' title='bbox 351 2943 468 3002; x_wconf 91' lang='lat' dir='ltr'>qua</span> <span class='ocrx_word' id='word_1_261' title='bbox 498 2921 713 2983; x_wconf 91' lang='lat' dir='ltr'>dicitur</span> <span class='ocrx_word' id='word_1_262' title='bbox 738 2923 1005 2983; x_wconf 86' lang='lat' dir='ltr'>Christus</span> <span class='ocrx_word' id='word_1_263' title='bbox 1028 2932 1285 2980; x_wconf 90' lang='lat' dir='ltr'>mortem</span> <span class='ocrx_word' id='word_1_264' title='bbox 1314 2917 1639 2978; x_wconf 86' lang='lat' dir='ltr'>necessario</span> <span class='ocrx_word' id='word_1_265' title='bbox 1656 2915 1898 2975; x_wconf 89' lang='lat' dir='ltr'>subiisse</span> <span class='ocrx_word' id='word_1_266' title='bbox 1918 2960 1934 2989; x_wconf 90' lang='lat'>7</span> <span class='ocrx_word' id='word_1_267' title='bbox 1960 2912 2057 2974; x_wconf 79' lang='lat' dir='ltr'>vel</span> <span class='ocrx_word' id='word_1_268' title='bbox 2073 2914 2233 2994; x_wconf 82' lang='lat' dir='ltr'>quia7</span> <span class='ocrx_word' id='word_1_269' title='bbox 2264 2923 2330 2969; x_wconf 93' lang='lat' dir='ltr'>ut</span> <span class='ocrx_word' id='word_1_270' title='bbox 2358 2909 2496 2990; x_wconf 89' lang='lat' dir='ltr'>plu-</span> 
     </span>
     <span class='ocr_line' id='line_1_29' title="bbox 350 3005 2497 3101; baseline -0.006 -24"><span class='ocrx_word' id='word_1_271' title='bbox 350 3016 514 3077; x_wconf 86' lang='lat' dir='ltr'>ribus</span> <span class='ocrx_word' id='word_1_272' title='bbox 552 3019 778 3100; x_wconf 89' lang='lat' dir='ltr'>placet7</span> <span class='ocrx_word' id='word_1_273' title='bbox 805 3029 1171 3101; x_wconf 73' lang='lat' dir='ltr'>praeceptum</span> <span class='ocrx_word' id='word_1_274' title='bbox 1210 3016 1395 3075; x_wconf 85' lang='lat' dir='ltr'>Patris</span> <span class='ocrx_word' id='word_1_275' title='bbox 1438 3036 1560 3073; x_wconf 90' lang='lat' dir='ltr'>non</span> <span class='ocrx_word' id='word_1_276' title='bbox 1602 3012 1713 3071; x_wconf 86' lang='lat' dir='ltr'>fuit</span> <span class='ocrx_word' id='word_1_277' title='bbox 1752 3020 2116 3093; x_wconf 82' lang='lat' dir='ltr'>praeceptum</span> <span class='ocrx_word' id='word_1_278' title='bbox 2144 3008 2343 3066; x_wconf 85' lang='lat' dir='ltr'>stricte</span> <span class='ocrx_word' id='word_1_279' title='bbox 2380 3005 2497 3064; x_wconf 89' lang='lat' dir='ltr'>tale</span> 
     </span>
     <span class='ocr_line' id='line_1_30' title="bbox 354 3100 2501 3199; baseline -0.007 -26"><span class='ocrx_word' id='word_1_280' title='bbox 354 3134 458 3174; x_wconf 89' lang='lat' dir='ltr'>seu</span> <span class='ocrx_word' id='word_1_281' title='bbox 486 3115 688 3175; x_wconf 90' lang='lat' dir='ltr'>stricte</span> <span class='ocrx_word' id='word_1_282' title='bbox 726 3127 1034 3199; x_wconf 88' lang='lat' dir='ltr'>sumptum</span> <span class='ocrx_word' id='word_1_283' title='bbox 1060 3160 1076 3190; x_wconf 92' lang='lat'>7</span> <span class='ocrx_word' id='word_1_284' title='bbox 1119 3111 1224 3174; x_wconf 90' lang='lat' dir='ltr'>sed</span> <span class='ocrx_word' id='word_1_285' title='bbox 1276 3110 1469 3172; x_wconf 91' lang='lat' dir='ltr'>solum</span> <span class='ocrx_word' id='word_1_286' title='bbox 1510 3108 1630 3168; x_wconf 88' lang='lat' dir='ltr'>late</span> <span class='ocrx_word' id='word_1_287' title='bbox 1666 3105 1782 3166; x_wconf 90' lang='lat' dir='ltr'>tale</span> <span class='ocrx_word' id='word_1_288' title='bbox 1822 3104 1942 3186; x_wconf 82' lang='lat'>(3)7</span> <span class='ocrx_word' id='word_1_289' title='bbox 1983 3104 2080 3165; x_wconf 88' lang='lat' dir='ltr'>vel</span> <span class='ocrx_word' id='word_1_290' title='bbox 2118 3104 2254 3185; x_wconf 88' lang='lat' dir='ltr'>quia</span> <span class='ocrx_word' id='word_1_291' title='bbox 2277 3149 2293 3179; x_wconf 90' lang='lat'>7</span> <span class='ocrx_word' id='word_1_292' title='bbox 2342 3100 2501 3184; x_wconf 87' lang='lat' dir='ltr'>quod</span> 
     </span>
    </p>
   </div>
   <div class='ocr_carea' id='block_1_3' title="bbox 366 3291 2503 3873">
    <p class='ocr_par' dir='ltr' id='par_1_5' title="bbox 366 3291 2503 3873">
     <span class='ocr_line' id='line_1_31' title="bbox 432 3291 2503 3375; baseline -0.007 -20"><span class='ocrx_word' id='word_1_293' title='bbox 432 3307 500 3373; x_wconf 94' lang='lat' dir='ltr'>(l)</span> <span class='ocrx_word' id='word_1_294' title='bbox 528 3308 584 3358; x_wconf 88' lang='lat' dir='ltr'>In</span> <span class='ocrx_word' id='word_1_295' title='bbox 613 3325 668 3357; x_wconf 86' lang='lat'>111</span> <span class='ocrx_word' id='word_1_296' title='bbox 690 3346 703 3370; x_wconf 87' lang='lat'><strong>,</strong></span> <span class='ocrx_word' id='word_1_297' title='bbox 723 3309 832 3357; x_wconf 86' lang='lat' dir='ltr'>dist.</span> <span class='ocrx_word' id='word_1_298' title='bbox 857 3304 916 3356; x_wconf 88' lang='lat'>18</span> <span class='ocrx_word' id='word_1_299' title='bbox 937 3346 951 3370; x_wconf 84' lang='lat'>7</span> <span class='ocrx_word' id='word_1_300' title='bbox 969 3316 1132 3375; x_wconf 77' lang='lat' dir='ltr'>quaest.</span> <span class='ocrx_word' id='word_1_301' title='bbox 1163 3322 1180 3353; x_wconf 90' lang='lat'>1</span> <span class='ocrx_word' id='word_1_302' title='bbox 1207 3344 1220 3368; x_wconf 81' lang='lat'>7</span> <span class='ocrx_word' id='word_1_303' title='bbox 1245 3323 1291 3354; x_wconf 88' lang='lat' dir='ltr'>a.</span> <span class='ocrx_word' id='word_1_304' title='bbox 1323 3321 1352 3353; x_wconf 83' lang='lat'><strong>2</strong></span> <span class='ocrx_word' id='word_1_305' title='bbox 1374 3340 1388 3365; x_wconf 93' lang='lat'>,</span> <span class='ocrx_word' id='word_1_306' title='bbox 1474 3301 1605 3350; x_wconf 73' lang='lat' dir='ltr'>disse</span> <span class='ocrx_word' id='word_1_307' title='bbox 1642 3299 1829 3348; x_wconf 80' lang='lat' dir='ltr'>dicitur</span> <span class='ocrx_word' id='word_1_308' title='bbox 1845 3333 1862 3360; x_wconf 90' lang='lat'>‚</span> <span class='ocrx_word' id='word_1_309' title='bbox 1918 3295 2045 3345; x_wconf 80' lang='lat' dir='ltr'>velut</span> <span class='ocrx_word' id='word_1_310' title='bbox 2095 3296 2153 3344; x_wconf 82' lang='lat' dir='ltr'>de</span> <span class='ocrx_word' id='word_1_311' title='bbox 2196 3291 2503 3362; x_wconf 77' lang='lat' dir='ltr'>perferendis</span> 
     </span>
     <span class='ocr_line' id='line_1_32' title="bbox 368 3375 2499 3450; baseline -0.009 -8"><span class='ocrx_word' id='word_1_312' title='bbox 368 3392 428 3442; x_wconf 82' lang='lat' dir='ltr'>ad</span> <span class='ocrx_word' id='word_1_313' title='bbox 459 3389 511 3442; x_wconf 84' lang='lat'>5.</span> <span class='ocrx_word' id='word_1_314' title='bbox 1474 3382 1733 3450; x_wconf 78' lang='lat' dir='ltr'>suppliciis</span> <span class='ocrx_word' id='word_1_315' title='bbox 1768 3397 1826 3429; x_wconf 86' lang='lat' dir='ltr'>ae</span> <span class='ocrx_word' id='word_1_316' title='bbox 1859 3379 2036 3428; x_wconf 78' lang='lat' dir='ltr'>luenda</span> <span class='ocrx_word' id='word_1_317' title='bbox 2069 3387 2252 3438; x_wconf 83' lang='lat' dir='ltr'>morte,</span> <span class='ocrx_word' id='word_1_318' title='bbox 2285 3393 2382 3424; x_wconf 77' lang='lat' dir='ltr'>non</span> <span class='ocrx_word' id='word_1_319' title='bbox 2412 3375 2499 3423; x_wconf 84' lang='lat' dir='ltr'>ab·</span> 
     </span>
     <span class='ocr_line' id='line_1_33' title="bbox 432 3455 2503 3541; baseline -0.01 -17"><span class='ocrx_word' id='word_1_320' title='bbox 432 3477 503 3540; x_wconf 72' lang='lat'>(2)</span> <span class='ocrx_word' id='word_1_321' title='bbox 537 3473 618 3523; x_wconf 90' lang='lat' dir='ltr'>De</span> <span class='ocrx_word' id='word_1_322' title='bbox 643 3475 785 3524; x_wconf 79' lang='lat' dir='ltr'>verit.</span> <span class='ocrx_word' id='word_1_323' title='bbox 804 3483 963 3540; x_wconf 84' lang='lat' dir='ltr'>quaest.</span> <span class='ocrx_word' id='word_1_324' title='bbox 992 3490 1076 3541; x_wconf 87' lang='lat'>297</span> <span class='ocrx_word' id='word_1_325' title='bbox 1101 3491 1145 3531; x_wconf 85' lang='lat' dir='ltr'>a,</span> <span class='ocrx_word' id='word_1_326' title='bbox 1164 3468 1197 3518; x_wconf 90' lang='grc'>6</span> <span class='ocrx_word' id='word_1_327' title='bbox 1217 3509 1229 3531; x_wconf 91' lang='grc'>,</span> <span class='ocrx_word' id='word_1_328' title='bbox 1261 3470 1318 3518; x_wconf 87' lang='lat' dir='ltr'>ad</span> <span class='ocrx_word' id='word_1_329' title='bbox 1343 3487 1387 3519; x_wconf 88' lang='lat'>1.</span> <span class='ocrx_word' id='word_1_330' title='bbox 1474 3467 1683 3517; x_wconf 80' lang='lat' dir='ltr'>solutum</span> <span class='ocrx_word' id='word_1_331' title='bbox 1712 3466 1974 3531; x_wconf 80' lang='lat' dir='ltr'>imperium</span> <span class='ocrx_word' id='word_1_332' title='bbox 2016 3461 2176 3511; x_wconf 86' lang='lat' dir='ltr'>videri</span> <span class='ocrx_word' id='word_1_333' title='bbox 2202 3460 2357 3526; x_wconf 82' lang='lat' dir='ltr'>fuisse</span> <span class='ocrx_word' id='word_1_334' title='bbox 2373 3494 2389 3519; x_wconf 92' lang='lat'><em>,</em></span> <span class='ocrx_word' id='word_1_335' title='bbox 2419 3455 2503 3504; x_wconf 80' lang='lat' dir='ltr'>sed</span> 
     </span>
     <span class='ocr_line' id='line_1_34' title="bbox 434 3539 2502 3623; baseline -0.012 -15"><span class='ocrx_word' id='word_1_336' title='bbox 434 3559 505 3623; x_wconf 77' lang='lat'>(3)</span> <span class='ocrx_word' id='word_1_337' title='bbox 530 3560 601 3607; x_wconf 72' lang='lat' dir='ltr'>Ita</span> <span class='ocrx_word' id='word_1_338' title='bbox 629 3567 786 3607; x_wconf 86' lang='lat' dir='ltr'>censet</span> <span class='ocrx_word' id='word_1_339' title='bbox 804 3559 923 3605; x_wconf 76' lang='lat' dir='ltr'>inter</span> <span class='ocrx_word' id='word_1_340' title='bbox 948 3566 1119 3604; x_wconf 75' lang='lat' dir='ltr'>ceteros</span> <span class='ocrx_word' id='word_1_341' title='bbox 1138 3553 1354 3601; x_wconf 82' lang='lat' dir='ltr'>Petavius</span> <span class='ocrx_word' id='word_1_342' title='bbox 1374 3588 1389 3612; x_wconf 86' lang='lat'>7</span> <span class='ocrx_word' id='word_1_343' title='bbox 1474 3549 1743 3617; x_wconf 80' lang='lat' dir='ltr'>simplicem</span> <span class='ocrx_word' id='word_1_344' title='bbox 1773 3539 2401 3613; x_wconf 72' lang='lat' dir='ltr'>siqnifieationemconsilii</span> <span class='ocrx_word' id='word_1_345' title='bbox 2445 3555 2502 3585; x_wconf 87' lang='lat' dir='ltr'>ac</span> 
     </span>
     <span class='ocr_line' id='line_1_35' title="bbox 366 3622 2502 3703; baseline -0.012 -10"><span class='ocrx_word' id='word_1_346' title='bbox 366 3643 449 3693; x_wconf 89' lang='lat' dir='ltr'>De</span> <span class='ocrx_word' id='word_1_347' title='bbox 469 3645 667 3691; x_wconf 77' lang='lat' dir='ltr'>incarn.</span> <span class='ocrx_word' id='word_1_348' title='bbox 695 3639 776 3689; x_wconf 83' lang='lat' dir='ltr'>lib.</span> <span class='ocrx_word' id='word_1_349' title='bbox 806 3657 883 3698; x_wconf 74' lang='lat' dir='ltr'>xx,</span> <span class='ocrx_word' id='word_1_350' title='bbox 916 3656 1022 3703; x_wconf 88' lang='lat' dir='ltr'>cap.</span> <span class='ocrx_word' id='word_1_351' title='bbox 1054 3635 1113 3698; x_wconf 88' lang='lat'>8,</span> <span class='ocrx_word' id='word_1_352' title='bbox 1138 3635 1239 3703; x_wconf 75' lang='lat'>§67</span> <span class='ocrx_word' id='word_1_353' title='bbox 1260 3640 1394 3702; x_wconf 80' lang='lat' dir='ltr'>cujus</span> <span class='ocrx_word' id='word_1_354' title='bbox 1476 3633 1739 3683; x_wconf 75' lang='lat' dir='ltr'>voluntatis</span> <span class='ocrx_word' id='word_1_355' title='bbox 1782 3647 1883 3678; x_wconf 80' lang='lat' dir='ltr'>suoe</span> <span class='ocrx_word' id='word_1_356' title='bbox 1905 3666 1919 3691; x_wconf 82' lang='lat'>7</span> <span class='ocrx_word' id='word_1_357' title='bbox 1948 3630 2067 3695; x_wconf 77' lang='lat' dir='ltr'>quia</span> <span class='ocrx_word' id='word_1_358' title='bbox 2102 3625 2256 3675; x_wconf 71' lang='lat' dir='ltr'>ntulta</span> <span class='ocrx_word' id='word_1_359' title='bbox 2288 3622 2367 3671; x_wconf 82' lang='lat' dir='ltr'>illi</span> <span class='ocrx_word' id='word_1_360' title='bbox 2383 3638 2502 3686; x_wconf 87' lang='lat' dir='ltr'>pro·</span> 
     </span>
     <span class='ocr_line' id='line_1_36' title="bbox 366 3710 2499 3787; baseline -0.012 -13"><span class='ocrx_word' id='word_1_361' title='bbox 366 3726 464 3774; x_wconf 84' lang='lat' dir='ltr'>haec</span> <span class='ocrx_word' id='word_1_362' title='bbox 489 3726 630 3775; x_wconf 86' lang='lat' dir='ltr'>verba</span> <span class='ocrx_word' id='word_1_363' title='bbox 662 3734 770 3774; x_wconf 85' lang='lat' dir='ltr'>sunt</span> <span class='ocrx_word' id='word_1_364' title='bbox 804 3742 818 3773; x_wconf 74' lang='lat' dir='ltr'>e</span> <span class='ocrx_word' id='word_1_365' title='bbox 858 3722 1164 3787; x_wconf 80' lang='lat' dir='ltr'>Praeceptum</span> <span class='ocrx_word' id='word_1_366' title='bbox 1199 3719 1322 3768; x_wconf 77' lang='lat' dir='ltr'>illud</span> <span class='ocrx_word' id='word_1_367' title='bbox 1351 3726 1396 3767; x_wconf 85' lang='lat' dir='ltr'>et</span> <span class='ocrx_word' id='word_1_368' title='bbox 1468 3715 1681 3783; x_wconf 81' lang='lat' dir='ltr'>ponebat</span> <span class='ocrx_word' id='word_1_369' title='bbox 1718 3714 1871 3761; x_wconf 77' lang='lat' dir='ltr'>Pater</span> <span class='ocrx_word' id='word_1_370' title='bbox 1905 3711 1971 3760; x_wconf 82' lang='lat' dir='ltr'>ad</span> <span class='ocrx_word' id='word_1_371' title='bbox 2004 3710 2271 3759; x_wconf 80' lang='lat' dir='ltr'>humanam</span> <span class='ocrx_word' id='word_1_372' title='bbox 2303 3720 2499 3768; x_wconf 79' lang='lat' dir='ltr'>reeupe-</span> 
     </span>
     <span class='ocr_line' id='line_1_37' title="bbox 369 3787 2503 3873; baseline -0.011 -17"><span class='ocrx_word' id='word_1_373' title='bbox 369 3809 664 3858; x_wconf 72' lang='lat' dir='ltr'>mandatum</span> <span class='ocrx_word' id='word_1_374' title='bbox 685 3844 699 3871; x_wconf 87' lang='lat'>7</span> <span class='ocrx_word' id='word_1_375' title='bbox 740 3806 865 3873; x_wconf 78' lang='lat' dir='ltr'>quod</span> <span class='ocrx_word' id='word_1_376' title='bbox 900 3804 1088 3854; x_wconf 73' lang='lat' dir='ltr'>Christo</span> <span class='ocrx_word' id='word_1_377' title='bbox 1117 3799 1265 3850; x_wconf 81' lang='lat' dir='ltr'>Pater</span> <span class='ocrx_word' id='word_1_378' title='bbox 1290 3801 1392 3851; x_wconf 85' lang='lat' dir='ltr'>edi·</span> <span class='ocrx_word' id='word_1_379' title='bbox 1478 3797 1688 3847; x_wconf 82' lang='lat' dir='ltr'>randam</span> <span class='ocrx_word' id='word_1_380' title='bbox 1718 3796 1920 3845; x_wconf 66' lang='lat' dir='ltr'>saltitem</span> <span class='ocrx_word' id='word_1_381' title='bbox 1953 3792 2165 3843; x_wconf 75' lang='lat' dir='ltr'>remedia</span> <span class='ocrx_word' id='word_1_382' title='bbox 2189 3827 2203 3854; x_wconf 91' lang='lat'>7</span> <span class='ocrx_word' id='word_1_383' title='bbox 2237 3805 2295 3837; x_wconf 72' lang='lat' dir='ltr'>ex</span> <span class='ocrx_word' id='word_1_384' title='bbox 2325 3787 2503 3853; x_wconf 82' lang='lat' dir='ltr'>quibus</span> 
     </span>
    </p>
   </div>
  </div>
 </body>
</html>
