2580 4152
361 215 439 273 32
1013 222 1204 274 TRACT.
1250 236 1318 271 DE
1362 236 1468 272 nno
1511 235 1826 274 caenon..

359 386 430 440 in
456 385 573 439 viis
603 385 724 438 tuis
750 402 791 437 a
831 380 927 438 die
962 380 1321 438 conditionis
1356 391 1473 438 tuoe
1503 426 1518 452 7
1551 382 1732 439 donee
1751 378 2010 439 'inventa
2058 391 2142 438 est
2180 375 2477 460 inz'qvtilas

360 481 430 535 in
456 487 507 534 te
535 521 550 550 7
582 475 645 533 in
679 496 928 557 persona
967 475 1114 553 regis
1140 475 1275 554 Tyri
1309 474 1533 556 prolata
1557 521 1572 549 7
1619 476 1858 556 mystice
1895 475 1968 535 de
2007 476 2249 537 Luciferi
2296 479 2479 556 gratia

359 583 424 632 et
444 570 624 652 gloria
653 572 714 629 S.
745 569 1058 648 Gregorius
1090 571 1169 627 M.
1197 569 1286 649 (l)
1319 569 1532 652 aliique
1560 573 1761 631 Patres
1789 572 2007 654 passim
2034 584 2339 654 exponunt
2371 572 2475 654 (2).

446 667 543 725 68.
594 666 726 724 Dixi
749 665 901 722 hanc
926 685 1049 723 esse
1074 685 1449 725 communem
1476 669 1716 725 Patrum
1738 678 1798 726 et
1821 667 2223 748 theologorum
2251 680 2482 728 senten-

361 762 541 833 tiamg
583 783 705 819 non
746 760 903 818 enim
941 757 1257 818 defuerunt
1286 805 1302 835 7
1344 771 1492 820 teste
1531 762 1587 820 S.
1634 762 1953 841 Augustino
1992 763 2118 844 (3)7
2154 764 2253 845 qui
2291 764 2481 822 existi-

360 857 655 918 maverint
703 854 951 935 Angelos
990 856 1054 913 in
1095 856 1257 937 puris
1288 855 1653 915 naturalibus
1697 856 1961 916 conditos
2004 859 2198 918 fuisse.
2245 861 2411 939 Hugo
2450 882 2483 918 a

361 956 419 1012 S.
458 953 683 1011 Victore
707 962 766 1010 et
794 953 999 1009 Petrus
1030 950 1395 1010 Lombardus
1432 952 1588 1011 inter
1611 950 1980 1011 scholasticos
2000 999 2015 1028 7
2048 975 2190 1034 quos
2219 954 2484 1037 plerique

360 1068 546 1130 usque
575 1045 650 1105 ad
677 1048 735 1106 S.
775 1045 1062 1105 Thomam
1098 1045 1354 1128 theologi
1380 1058 1518 1105 sunt
1548 1047 1728 1106 secuti
1750 1093 1766 1122 7
1813 1047 2035 1129 opinati
2062 1049 2281 1127 pariter
2310 1061 2449 1108 sunt
2469 1096 2485 1125 7

362 1142 614 1224 Angelos
647 1163 851 1200 omnes
887 1162 993 1223 per
1023 1140 1260 1223 aliquod
1308 1153 1543 1223 tempus
1588 1141 1661 1200 ab
1705 1142 1830 1223 ipso
1880 1143 2186 1201 creationis
2223 1154 2490 1226 tempore

362 1241 427 1299 in
456 1239 617 1321 puris
642 1237 1004 1296 naturalibus
1037 1237 1211 1296 fuisse
1236 1235 1343 1317 (4).
1376 1237 1581 1296 Relata
1615 1248 1813 1296 autem
1843 1237 2021 1298 Verba
2047 1240 2102 1297 S.
2145 1239 2447 1318 Augustini
2473 1286 2489 1314 7

364 1335 586 1394 fatente
618 1334 871 1415 ipsomet
903 1332 1059 1392 Berti
1084 1379 1099 1408 7
1133 1331 1439 1391 commode
1473 1344 1721 1414 possunt
1754 1334 1823 1391 de
1857 1339 2067 1413 qratia
2105 1338 2340 1393 actuali
2356 1381 2371 1410 7
2424 1358 2495 1394 eoe

364 1453 489 1510 qua
521 1440 660 1488 esset
701 1433 770 1486 in
819 1429 1063 1509 Anyelz's
1104 1439 1276 1487 aetus
1311 1434 1541 1487 amoris
1582 1433 1771 1501 casti,
1814 1430 2028 1511 exponi
2072 1430 2199 1510 (5);
2246 1431 2405 1512 quod
2435 1442 2494 1491 et

366 1526 554 1585 Estius
593 1525 901 1583 confirmat
944 1525 1052 1604 (6).
1098 1526 1221 1583 Hoc
1265 1523 1453 1583 obiter
1490 1524 1715 1583 dictum
1762 1525 1838 1582 sit
1883 1523 2160 1585 adversus
2194 1526 2496 1584 Jansenia-

365 1644 473 1682 nos
499 1668 514 1696 7
555 1622 683 1703 qui7
718 1631 785 1678 ut
810 1620 1031 1679 facilius
1061 1620 1406 1702 impugnare
1437 1619 1666 1701 possint
1700 1618 2150 1701 possibilitatem
2178 1631 2361 1678 status
2397 1642 2498 1679 na-

365 1728 513 1778 turae
542 1739 704 1800 purae
725 1763 740 1791 7
777 1716 898 1776 sive
925 1716 989 1773 in
1018 1715 1253 1796 Angelis
1277 1761 1292 1789 7
1326 1715 1449 1774 sive
1479 1715 1542 1772 in
1572 1714 1812 1774 homine
1840 1761 1856 1790 7
1905 1716 1991 1773 ad
2019 1716 2200 1794 fldem
2236 1726 2497 1798 spectare

366 1812 687 1895 praedicant
718 1810 964 1891 Angelos
988 1811 1051 1868 in
1076 1810 1259 1889 gratia
1289 1809 1463 1868 fuisse
1497 1808 1779 1868 conditos

400 1969 405 1973 ,
450 1908 546 1967 69.
594 1911 815 1968 Praeter
860 1906 1106 1988 gratiam
1153 1905 1617 1965 sanctificantem
1654 1905 1879 1966 actuale
1918 1907 2139 1988 pariter
2181 1907 2495 1983 auxilium,

437 2157 503 2219 (l)
544 2154 728 2203 tnoral.
745 2154 833 2202 lib.
853 2169 1146 2218 xxx1v7cap.
1175 2170 1231 2220 17
1258 2163 1389 2217 3tum

369 2240 456 2289 lib.
477 2254 523 2288 [v
544 2276 558 2299 7
590 2256 695 2303 cap.
729 2253 795 2303 93
822 2239 949 2284 item.
975 2236 1063 2284 lib.
1082 2253 1165 2284 xlx
1182 2274 1195 2296 7
1222 2254 1323 2301 cap.
1342 2238 1388 2284 3.

439 2323 510 2385 (2)
532 2321 670 2387 Apud
688 2318 932 2368 Petav.De
948 2317 1157 2383 Anqelie
1175 2356 1188 2378 ‚
1208 2317 1294 2368 lib.
1312 2335 1388 2378 111,

371 2422 474 2470 cap.
510 2421 538 2451 2
560 2440 574 2461 7
616 2402 642 2469 §
673 2400 737 2466 4ο
766 2411 811 2451 et
847 2419 978 2468 seqq.
1011 2401 1122 2449 Vid.
1156 2403 1291 2450 etiam
1334 2401 1390 2449 P.

371 2487 429 2536 de
460 2486 635 2535 Rubeis
655 2523 668 2545 7
703 2484 917 2534 Dissert.
951 2500 1084 2544 xxv17
1120 2483 1199 2532 De
1211 2485 1388 2548 9estis,

372 2577 459 2618 eto.
477 2568 531 2618 S.
562 2567 761 2616 Thomoe
776 2565 1191 2632 Aquinatis7cap.
1210 2583 1321 2632 77n.
1352 2583 1391 2613 1.

440 2651 508 2715 (3)
548 2648 619 2698 De
636 2651 833 2698 civitate
853 2647 946 2697 Dei
961 2688 973 2708 7
991 2649 1078 2697 lib.
1096 2665 1162 2709 xi,
1184 2667 1288 2714 cap.
1312 2650 1390 2698 13.

434 2734 503 2798 (k)
540 2732 679 2797 Apud
703 2732 863 2781 Petav.
895 2732 974 2780 De
1010 2730 1197 2796 Anqel.
1228 2732 1315 2780 lib.
1341 2749 1390 2793 1,

372 2834 478 2882 cap.
512 2814 572 2863 16
591 2852 605 2876 7
635 2813 720 2864 ubi
738 2816 858 2862 inter
889 2823 1064 2862 veteres
1086 2802 1292 2862 recenset
1308 2831 1393 2878 pro

370 2900 585 2962 negativa
629 2898 853 2945 sententia
885 2896 1144 2964 Didymum
1165 2905 1211 2943 et
1236 2894 1286 2944 S.
1304 2895 1395 2944 Ba-

373 2978 530 3027 silium
549 3016 562 3038 7
597 2981 678 3044 qui
707 2988 863 3026 tamen
891 2977 1001 3025 alibi
1033 2980 1085 3025 in
1115 2980 1395 3025 contrariam

375 3063 457 3109 ivit
490 3061 769 3109 sententiam
780 3093 792 3107 .
806 3058 933 3106 Inter
947 3059 1240 3106 scholasticos
1254 3058 1397 3106 refert

303 3194 308 3198 ,
376 3142 682 3191 Guillelmum
728 3140 1029 3189 parisiensem
1050 3178 1063 3201 7
1102 3139 1360 3205 Rupertum
1379 3176 1393 3200 7

378 3223 627 3290 Hugonem
648 3258 663 3286 7
713 3222 899 3271 Petrum
955 3220 1292 3271 Lombardum.
1339 3221 1398 3270 In

382 3307 593 3356 eamdem
635 3308 806 3370 pariter
845 3307 1120 3354 sententiam
1155 3321 1399 3353 concesse-

381 3399 493 3438 runt
535 3388 742 3453 AEgidius
764 3425 777 3448 7
820 3405 913 3436 una
956 3404 1064 3435 cum
1107 3389 1206 3452 ejus
1246 3385 1401 3434 schola

383 3472 737 3537 Augusfiniana,
758 3470 1017 3520 Alexander
1030 3469 1232 3532 Alensis,
1249 3470 1297 3518 S.
1317 3470 1402 3519 Bo·

385 3564 639 3604 naventura
659 3590 674 3614 ,
725 3551 889 3602 Scotus
906 3589 923 3615 7
976 3552 1160 3602 Gabriel
1180 3590 1192 3614 7
1232 3554 1404 3619 aliique

387 3637 615 3704 frequenti
645 3639 828 3702 agmine
849 3673 863 3696 7
892 3635 1007 3684 adeo
1021 3636 1073 3684 ut
1091 3638 1188 3700 ipse
1202 3634 1253 3684 S.
1278 3635 1404 3683 Tho-

388 3731 486 3768 mas
520 3722 571 3769 in
598 3736 637 3768 *11
665 3715 806 3768 Sem.
841 3718 948 3768 dist.
986 3715 1021 3781 4
1046 3755 1059 3779 ,
1092 3736 1142 3785 q.
1183 3734 1230 3778 1,
1268 3734 1314 3767 a.
1346 3733 1402 3778 2,

1474 2154 1671 2202 fateatur
1691 2191 1703 2214 7
1735 2155 1859 2203 hanc
1881 2158 2151 2220 opinionem
2180 2175 2265 2207 suo
2296 2154 2501 2222 tempore

1475 2238 1851 2284 communiorem
1878 2238 2038 2286 fuisse.
2079 2238 2151 2285 En
2185 2242 2286 2304 ejus
2315 2238 2453 2287 verba
2480 2256 2494 2287 ε

1483 2319 1631 2368 Circa
1652 2318 1738 2366 hoo
1758 2327 1827 2367 est
1847 2319 2022 2385 duplex
2054 2321 2221 2386 opinio
2247 2340 2270 2381 ,-
2297 2321 2497 2385 quidam

1478 2402 1607 2448 enim
1644 2401 1848 2463 dicunt,
1897 2401 2025 2466 quod
2069 2402 2251 2466 Anqeli
2297 2419 2397 2450 non
2436 2404 2495 2450 in

1476 2485 1670 2547 qratia,
1721 2483 1804 2531 sed
1848 2485 1905 2531 in
1953 2483 2262 2531 naturalibus
2310 2492 2496 2532 tantum

1478 2568 1630 2613 creati
1652 2574 1795 2627 sunt,
1827 2575 1872 2613 et
1887 2565 1988 2614 hoeo
2008 2567 2174 2631 opinio
2192 2575 2258 2614 est
2284 2582 2497 2614 commu-

1478 2649 1605 2699 nior.
1649 2647 1763 2695 Alii
1801 2664 1909 2696 vero
1950 2649 2152 2708 dicunt,
2200 2646 2414 2711 Anqelos
2441 2649 2498 2695 in

1477 2732 1640 2794 qratia
1669 2738 1849 2778 creatos
1866 2747 1981 2778 esse.
2001 2729 2198 2777 Harum
2215 2737 2373 2777 autem
2389 2731 2497 2795 opi-

1480 2814 1684 2860 nionum
1706 2850 1719 2874 7
1757 2829 1863 2877 quw
1904 2812 2061 2859 verior
2090 2812 2183 2870 sit,
2217 2827 2316 2858 non
2344 2819 2499 2876 potest

1481 2895 1662 2961 efficaci
1711 2896 1897 2942 ratione
1936 2891 2244 2958 deprehendi.
2282 2891 2500 2941 Attamen

1481 2976 1757 3025 Jansenistae
1778 3012 1791 3035 7
1851 2977 1978 3024 omni
2029 2975 2235 3039 deposito
2292 2975 2465 3039 pudore
2483 3013 2497 3035 7

1482 3069 1707 3124 tanquam
1744 3057 1855 3105 fidei
1895 3057 2143 3105 articulum
2194 3056 2501 3107 affirmantem

1485 3131 1764 3189 sententiam
1794 3149 2091 3204 propugnant
2116 3141 2126 3187 !

1559 3222 1620 3286 (5)
1659 3221 1767 3270 Lib.
1790 3239 1849 3281 x,
1879 3239 1981 3287 cap.
2021 3220 2073 3270 8.

1551 3303 1627 3369 (6)
1665 3304 1720 3351 In
1751 3321 1787 3351 11
1812 3301 1953 3352 Sem.
1997 3304 2102 3351 dist.
2147 3321 2231 3364 111,
2268 3302 2293 3370 §
2323 3322 2349 3371 7
2375 3341 2388 3363 7
2421 3303 2503 3351 ubi

1487 3389 1730 3452 utriusque
1762 3388 1995 3434 sententiae
2026 3397 2293 3450 argumenta
2332 3402 2504 3450 expen-

1490 3471 1591 3530 dit,
1625 3479 1671 3521 et
1704 3471 2008 3535 quaestionem
2044 3469 2166 3517 hane
2206 3471 2332 3516 inter
2372 3466 2505 3514 scho-

1491 3551 1682 3599 lasticos
1707 3553 1871 3617 jactari
1906 3550 2122 3599 affirmat.
2150 3551 2250 3615 Ipse
2279 3566 2386 3597 vero
2409 3566 2506 3597 non

1492 3652 1622 3683 secus
1651 3651 1703 3683 ac
1733 3633 1853 3682 Berti
1874 3636 2108 3681 sententiae
2135 3632 2414 3682 affirmativae
2430 3640 2506 3679 ut-

1493 3726 1598 3783 pote
1618 3714 1942 3781 probabiliori
1970 3716 2231 3765 assentitur.
