2580 4152
472 192 630 228 mar.
675 190 786 226 Ill-⁴
813 189 935 226 car.
987 189 1066 227 vi.
1115 191 1184 225 nr.
1226 188 1444 233 rurum
1486 190 1716 238 nonnus
1741 190 1892 229 vlu.
2091 171 2211 231 311*

99 332 360 390 hiheant.
409 331 565 389 Cum·
596 342 735 389 vero
774 328 1228 388 fundamentum
1268 330 1479 388 erroris
1531 330 1989 389 Protestantium
2034 330 2096 391 in
2137 353 2207 391 eo

99 426 272 484 fuerit
296 469 311 499 7
348 423 506 505 quod
530 422 951 482 contenderent
972 468 988 497 7
1020 445 1142 481 non
1167 444 1335 503 posse
1358 423 1575 482 dimitti
1600 423 1836 505 culpam
1857 469 1873 498 7
1913 424 2055 505 quin
2077 434 2201 483 tota

101 519 273 578 simul
323 518 655 577 remittatur
710 529 769 576 et
818 539 991 599 poena
1010 562 1026 591 7
1075 516 1214 577 hinc
1260 517 1465 581 eadem
1514 517 1854 580 Tridentina
1900 517 2166 599 Synodus
2184 564 2201 592 7

102 635 241 672 sess.
274 615 347 671 VI
370 658 385 685 7
404 634 530 671 can.
551 614 706 671 XXX
726 657 741 686 7
774 612 1009 672 definit:
1038 612 1258 690 Siquis
1276 623 1416 691 post
1441 624 1744 692 acceptam
1748 615 2209 692 justificationis

90 713 358 787 qratiam
400 709 645 767 cuilibet
667 712 963 786 peccatori
992 710 1319 785 poenitenti
1341 712 1430 769 ita
1459 709 1705 787 culpam
1727 712 1955 768 remitti
1985 719 2041 769 et
2071 731 2201 770 rea:

96 813 229 861 tum
266 813 498 862 oeternoe
534 825 724 882 poenoe
767 803 952 861 deleri
980 803 1239 872 dixerit,
1270 812 1338 861 ut
1372 804 1583 862 nullus
1633 814 1944 865 remaneat
1991 815 2196 866 reatus

84 918 284 976 poenoe
296 900 667 976 temporalis7
701 896 1054 956 emsolvendoe
1085 897 1174 957 vel
1195 899 1266 954 in
1298 897 1401 956 hoo
1427 898 1618 957 seculo
1637 942 1654 971 7
1685 899 1775 958 vel
1801 900 1867 956 in
1886 901 2101 975 futuro
2127 903 2204 956 in.

82 998 443 1071 purgatorio
464 1035 486 1063 ,
511 1002 832 1070 antequam
868 992 956 1051 ad
977 1012 1162 1071 reqna
1182 992 1467 1050 coelorum
1501 993 1707 1051 aditus
1729 1002 1938 1070 patere
1959 999 2152 1072 possit
2169 1018 2196 1066 ,-

94 1093 416 1146 anathema
443 1092 542 1145 sit.
1146 1146 1148 1149 ,
1845 1146 1850 1150 ,

172 1182 311 1239 689.
360 1182 505 1240 Vere
559 1181 734 1259 igitur
787 1178 1095 1241 Ecclesiam
1146 1178 1473 1242 doctrinam
1523 1200 1689 1239 suam
1744 1178 1818 1239 de
1858 1182 2190 1261 purgatorio

89 1295 158 1334 ex
199 1275 372 1349 sacris
407 1274 612 1333 litteris
641 1274 704 1331 in
732 1274 933 1354 primis
963 1273 1218 1335 hausisse
1239 1317 1255 1345 7
1289 1272 1483 1353 quoad
1516 1274 1688 1337 Vetus
1718 1274 2190 1351 Testamentum,

88 1379 541 1427 monumentum
578 1367 948 1428 ineluctabile
972 1366 1223 1427 habetur
1248 1368 1300 1426 II
1329 1366 1595 1427 Machab.
1630 1369 1737 1426 XII
1757 1413 1774 1442 7
1795 1367 1872 1430 43
1894 1414 1910 1442 7
1938 1369 2045 1429 ubi
2070 1370 2189 1431 for-

89 1463 295 1521 tissimi
317 1465 351 1521 J
358 1463 485 1521 udae
512 1462 771 1542 religiosa
794 1463 976 1544 pietas
1000 1460 1472 1536 commendatur7
1504 1463 1629 1543 qui7
1647 1465 1820 1540 facta
1842 1465 2150 1524 collatione
2172 1511 2188 1539 7

88 1558 394 1616 duodecim
437 1560 634 1616 millia
676 1558 999 1622 drachmas
1032 1560 1272 1636 arqenti
1314 1561 1483 1620 misit
1508 1557 1946 1636 ,lerosolymam
1985 1560 2194 1637 offerri

79 1672 194 1730 pro
210 1659 470 1730 peccatis
500 1656 881 1712 mortuorum
912 1652 1278 1730 sacrificium
1296 1696 1312 1725 7
1344 1652 1487 1714 hene
1516 1661 1572 1710 et
1595 1653 1861 1731 reliqiose
1887 1654 1958 1714 de
1986 1674 2189 1713 resur-

83 1751 336 1804 rectione
369 1752 634 1827 coqitans
662 1747 828 1824 (nisi
850 1752 1015 1805 enim
1038 1767 1129 1805 eos
1147 1790 1164 1820 7
1190 1752 1304 1824 qui
1327 1747 1671 1807 ceciderant
1689 1791 1706 1820 7
1743 1758 2183 1808 resurrecturos

83 1851 347 1919 speraret
369 1885 384 1915 7
422 1840 799 1919 superfluum
833 1852 889 1899 et
916 1861 1140 1899 vanum
1179 1841 1481 1903 videretur
1515 1861 1687 1901 orare
1706 1863 1824 1920 pro
1859 1841 2184 1921 mortuis),

81 1945 138 1992 et
158 1939 305 2013 quia
334 1936 773 2006 considerabat,
807 1936 968 2013 quod
987 1936 1054 1994 ln·
1065 1978 1086 2005 ,
1113 1940 1224 2013 qui
1245 1956 1386 1994 cum
1403 1941 1620 2014 pietate
1641 1937 2060 1995 dormitionem
2081 1958 2186 1995 ac-

81 2042 360 2109 ceperant
384 2075 400 2105 7
457 2035 749 2109 optimam
790 2031 1079 2088 haherent
1108 2035 1429 2108 repositam
1465 2036 1753 2109 qratiam.
1793 2032 2018 2091 Sancta
2051 2052 2185 2111 erqo

81 2135 139 2185 et
167 2126 431 2183 salubris
453 2135 539 2184 est
569 2129 842 2204 coyitatio
870 2147 988 2204 pro
1012 2125 1310 2202 defunctis
1330 2145 1578 2183 emorare
1594 2168 1610 2198 7
1642 2113 1714 2184 ut
1737 2147 1778 2184 a
1798 2116 2062 2204 peccatis
2084 2128 2188 2185 sol-

84 2230 325 2277 vantur.
354 2220 491 2292 Quae
516 2220 891 2300 peremptorii
920 2219 1235 2279 testimonii
1272 2217 1453 2280 verba
1487 2219 1790 2300 perspicua
1818 2231 1957 2281 sunt
1994 2219 2141 2280 adeo
2164 2266 2181 2295 7

86 2323 155 2370 ut
171 2312 328 2373 nulla
358 2313 654 2394 indigeant
672 2313 1103 2395 explanatione.
1135 2315 1337 2395 Neque
1364 2312 1537 2374 aliam
1560 2316 1715 2378 viam
1743 2318 1864 2393 ejus
1893 2316 2017 2376 vim
2035 2336 2179 2377 eva-

83 2406 263 2466 dendi
289 2409 678 2468 protestantes
703 2409 1091 2482 invenerunt7
1132 2426 1313 2489 quam
1342 2408 1611 2487 negando
1645 2408 1816 2485 hujus
1842 2407 1977 2467 libri
2004 2430 2183 2485 cano÷

88 2502 385 2561 nicitatem
409 2503 525 2583 (l)7
555 2525 863 2584 perperam
890 2514 1085 2563 tamen
1109 2548 1125 2576 7
1154 2514 1221 2562 ut
1250 2524 1353 2562 suo
1375 2502 1502 2562 loco
1531 2501 1852 2566 ostendunt
1888 2525 2183 2564 sacrarum

85 2595 419 2656 litterarum
440 2599 804 2680 professores
825 2598 984 2657 Idem
1003 2609 1162 2678 patet
1185 2597 1377 2679 quoad
1397 2600 1629 2661 Novum
1645 2600 2086 2660 Testamentum
2110 2621 2182 2659 ex

91 2690 184 2766 iis7
205 2714 334 2773 quae
354 2694 562 2752 Matth.
582 2695 684 2752 XII
705 2739 720 2767 7
739 2693 839 2768 327
860 2693 1117 2753 Christus
1136 2693 1406 2774 protulit:
1432 2693 1809 2772 Quicumque
1824 2694 2054 2754 diaerit
2063 2715 2188 2753 ver-

88 2788 234 2845 bum
257 2799 465 2847 contra
492 2791 726 2848 Filium
756 2790 1019 2847 hominis
1046 2833 1062 2861 7
1114 2792 1449 2850 remittetur
1466 2793 1555 2861 εἰς
1588 2793 1697 2867 qui
1727 2798 1929 2848 autem
1952 2788 2186 2847 dixerit

85 2892 293 2940 contra
308 2885 606 2961 Spiritum
623 2886 940 2954 Sanctum,
970 2905 1089 2943 non
1110 2887 1446 2943 remittetur
1468 2887 1544 2957 ei7
1566 2905 1751 2962 neque
1769 2888 1838 2943 in
1855 2884 1959 2943 hoc
1973 2887 2186 2943 soeculo

88 2997 274 3053 neque
307 2982 373 3036 in
400 2981 629 3055 futuro.
669 2977 889 3051 Quibus
923 2965 1118 3038 verbis
1154 3000 1276 3037 non
1305 2976 1548 3037 obscure
1586 2977 1847 3037 Christus
1873 2978 2083 3038 alludit
2109 2979 2185 3038 ad

88 3082 382 3150 receptam
410 3072 566 3153 apud
584 3075 619 3132 J
625 3072 821 3133 udaeos
860 3073 1314 3154 persuasionem7
1341 3071 1627 3133 nonnulla
1650 3085 1883 3154 peccata
1921 3075 2098 3134 etiam
2119 3075 2183 3143 in

85 3163 282 3222 futuro
315 3166 519 3224 saeculo
542 3168 763 3227 remitti
782 3214 797 3243 7
841 3179 907 3226 ut
935 3167 1196 3227 indicant
1221 3189 1286 3227 ea
1310 3212 1326 3242 7
1364 3188 1492 3249 quae
1522 3168 1874 3249 protulimus
1908 3191 1979 3230 ex
2004 3169 2108 3229 lib.
2130 3171 2182 3229 II

88 3258 549 3320 Machabaeorum
590 3285 603 3320 z
655 3264 731 3323 Ut
764 3286 803 3323 a
838 3269 1101 3343 peccatis
1147 3265 1476 3323 solvantur.
1528 3266 1677 3326 Nam
1711 3266 1781 3324 de
1814 3267 2183 3345 quibusdam

86 3358 377 3413 veraciter
406 3377 528 3414 non
559 3358 893 3431 diceretur,
928 3369 996 3416 ut
1020 3358 1212 3438 inquit
1241 3360 1297 3418 S.
1332 3360 1717 3439 Augustinus7
1748 3361 1910 3440 quod
1938 3382 2053 3419 non
2097 3363 2182 3419 eis

90 3452 470 3521 remittatur,
504 3472 685 3530 neque
721 3457 786 3510 in
819 3454 923 3510 hoc
950 3458 1194 3526 saeculo7
1229 3473 1412 3531 neque
1451 3459 1518 3511 in
1551 3456 1804 3531 futuro7
1846 3458 1973 3512 nisi
2003 3463 2188 3511 essent

157 3652 224 3716 (1)
268 3652 364 3701 cfr.
416 3652 523 3701 Nat.
578 3654 713 3703 Alex.
766 3655 902 3705 Hist.
945 3654 1104 3704 eccles.
1147 3653 1255 3705 diss.
1311 3654 1374 3719 45
1421 3659 1471 3704 in
1503 3674 1605 3705 saec.
1639 3668 1733 3705 ivm.
