2580 4152
350 184 470 243 412
1005 209 1198 246 mac-r.
1250 211 1318 246 mi
1361 210 1468 248 mio
1510 209 1822 251 cama-omi.

350 347 579 408 nalistis
608 370 746 409 vero
774 348 911 406 satis
941 347 1052 406 fuit
1078 350 1378 432 propriam
1411 352 1792 413 assertionem
1817 352 2153 415 obtrudere.
2187 358 2476 437 Negamus

350 445 606 503 secundo
642 443 971 501 doctrinam
1005 443 1158 504 hanc
1192 467 1454 526 pugnare
1488 468 1622 506 cum
1664 447 1928 508 doctrina
1958 451 2252 532 proposita
2281 451 2354 511 ab
2381 455 2477 512 iis-

350 539 489 599 dem
511 537 889 620 scriptoribus
919 540 1114 598 sacriS.
1142 541 1308 599 Hanc
1339 541 1500 600 enim
1526 564 1786 623 pugnam
1810 564 1985 603 nemo
2009 567 2271 627 unquam
2293 547 2444 607 vidit
2460 594 2475 621 7

353 635 472 693 imo
500 654 608 691 nec
635 633 957 715 suspicatus
986 645 1092 694 est.
1119 636 1260 708 Quae
1287 639 1447 695 enim
1478 659 1672 717 pugna
1699 639 1839 718 fingi
1866 639 1928 696 in
1959 661 2027 698 eo
2055 653 2247 721 potest
2268 688 2283 716 7
2321 642 2480 724 quod

350 729 622 788 homines
645 728 986 809 singillatim
1007 731 1207 789 statim
1228 743 1362 812 post
1384 731 1613 792 obitum
1628 733 1966 812 judicentur
1984 781 1999 809 7
2019 747 2194 816 prout
2211 737 2478 797 homines

350 825 582 906 privata
619 835 758 883 sunt
795 825 1100 885 individua
1122 872 1137 901 7
1176 837 1242 884 ut
1275 826 1431 886 illico
1461 841 1897 910 consequantur
1933 831 2314 910 promeritam
2342 854 2479 892 sen-

349 920 599 979 tentiam
631 921 856 1001 praemii
895 932 997 979 aut
1030 942 1219 1003 poenae
1241 968 1255 997 7
1288 933 1346 981 et
1375 923 1616 1005 quidem
1653 924 2123 1006 inadaequatam7
2154 937 2221 984 ut
2249 928 2481 1009 exposi-

349 1027 480 1074 tum
511 1028 634 1089 est7
664 1037 730 1075 ac
765 1015 1006 1076 demum
1031 1039 1236 1077 omnes
1260 1018 1434 1077 simul
1464 1019 1696 1101 publice
1724 1042 1789 1080 ac
1827 1019 2168 1080 solemniter
2197 1032 2480 1104 tanquam

349 1110 599 1193 publicae
637 1112 924 1171 societatis
959 1113 1227 1172 membra
1252 1161 1266 1189 7
1307 1125 1484 1196 atque
1521 1127 1587 1174 ut
1627 1115 1982 1198 completam
2020 1128 2080 1176 et
2116 1116 2481 1200 adaequatam

352 1209 894 1267 remunerationem
918 1210 1396 1291 consequantur?
1419 1210 1583 1270 Falso
1607 1224 1882 1293 praeterea
1909 1225 2253 1295 supponunt
2278 1213 2483 1274 adver-

351 1303 485 1360 sarii
508 1348 523 1377 7
559 1302 815 1362 hominis
844 1303 1020 1362 solius
1051 1326 1219 1364 causa
1243 1307 1529 1385 ejusmodi
1550 1306 1838 1386 judicium
1862 1310 2199 1368 institutum
2227 1310 2295 1369 iri
2317 1355 2332 1385 7
2362 1331 2484 1368 non

349 1410 547 1458 autem
585 1399 798 1474 etiam7
834 1400 952 1458 imo
991 1402 1319 1482 praecipue7
1359 1403 1433 1462 ad
1477 1404 1581 1462 Dei
1619 1404 1863 1485 gloriam
1895 1409 2064 1482 juxta
2105 1426 2167 1464 ea
2192 1450 2207 1479 7
2251 1426 2378 1487 quae
2419 1407 2481 1463 in

348 1494 802 1577 probationibus
835 1494 988 1554 dicta
1022 1508 1160 1554 sunt
1190 1497 1301 1577 (l).

432 1590 576 1649 909.
621 1591 709 1652 Ad
736 1593 844 1667 Ῥέῃ,
880 1591 1033 1672 Ney.
1079 1614 1269 1652 sacros
1314 1594 1625 1675 scriptores
1666 1593 1938 1654 tribuisse
1975 1594 2205 1653 Christo
2240 1616 2483 1676 persua-

348 1687 574 1747 sionem
608 1686 681 1747 de
714 1688 985 1769 proximo
1020 1689 1107 1747 sui
1142 1711 1206 1748 ac
1244 1688 1460 1749 visibili
1495 1689 1687 1749 reditu
1710 1736 1725 1762 7
1769 1702 1871 1749 aut
1910 1691 1978 1749 iis
2018 1691 2157 1772 ipsis
2199 1691 2481 1768 ejusmodi

346 1784 789 1867 persuasionem
823 1783 1140 1844 inhaesisse.
1178 1784 1441 1844 Christus
1470 1808 1778 1867 nunquam
1808 1785 1992 1846 voluit
2027 1785 2322 1867 discipulis
2359 1787 2477 1844 suis

346 1892 580 1963 tempus
604 1893 829 1941 certum
856 1880 1076 1941 reditus
1107 1881 1193 1939 sui
1224 1881 1547 1963 patefacere
1568 1908 1583 1956 ς
1608 1881 1853 1963 ideoque
1880 1904 2000 1940 non
2022 1892 2296 1962 poterant
2321 1883 2474 1958 ejus-

345 1977 508 2037 modi
551 1978 990 2059 persuasionem
1037 1989 1139 2037 aut
1177 1977 1408 2037 Christo
1455 1977 1715 2037 tribuere
1755 1987 1854 2035 aut
1892 1977 2002 2058 ipsi
2042 1977 2238 2035 animo
2280 1976 2475 2035 conci-

346 2095 507 2155 pere.
557 2074 615 2133 Si
661 2095 835 2155 quem
889 2095 1028 2134 vero
1077 2074 1372 2132 curiositas
1411 2084 1611 2153 tangat
1650 2071 1946 2132 recolendi
1984 2071 2105 2130 loca
2150 2070 2224 2130 ab
2261 2070 2474 2132 adver-

348 2169 497 2227 sario
536 2169 788 2229 indicata
834 2168 909 2228 ad
951 2168 1379 2228 ostendendam
1410 2190 1706 2251 pugnam7
1742 2189 1920 2249 quam
1957 2168 2080 2248 ipse
2116 2167 2281 2248 fingit
2319 2168 2473 2226 inter

345 2263 499 2323 hanc
515 2308 537 2337 ‚
579 2287 756 2346 quam
788 2276 957 2324 vocat
981 2311 996 2339 7
1036 2264 1451 2347 Apostolorum
1471 2263 1911 2346 persuasionem
1930 2274 1988 2322 et
2015 2261 2229 2322 Christi
2261 2262 2429 2321 effata
2456 2308 2474 2337 7

345 2361 657 2420 mirabitur
693 2361 1102 2421 incredibilem
1133 2362 1385 2420 hominis
1434 2360 1807 2420 rationalistae
1851 2359 2190 2433 audaciam3
2227 2380 2359 2418 cum
2398 2380 2474 2416 ne

345 2479 497 2516 unus
530 2457 771 2539 quidem
811 2459 883 2516 sit
905 2504 920 2533 7
959 2459 1060 2540 qui
1096 2457 1171 2516 ad
1198 2479 1455 2539 praesens
1499 2467 1912 2536 argumentum
1943 2467 2184 2537 spectet.

429 2554 569 2613 910.
619 2553 790 2627 Quod
835 2555 882 2613 si
930 2555 1107 2613 Marci
1155 2555 1327 2629 x1117
1372 2552 1485 2628 327
1531 2553 1795 2647 Christus
1840 2553 1966 2611 ait:
2004 2554 2091 2612 De
2130 2553 2226 2611 die
2270 2563 2473 2611 autem·

415 2748 482 2812 (Ι)
520 2748 654 2797 Hanc
706 2751 854 2813 ipsam
910 2748 1233 2796 difficultatem
1270 2746 1364 2812 jam
1453 2749 1534 2811 qui
1567 2749 1778 2812 quinque
1812 2746 2010 2795 rationes
2044 2745 2246 2810 profert,
2296 2743 2470 2808 quibus

345 2841 738 2896 praeoccupaverat
777 2830 828 2880 S.
877 2831 1048 2878 Thom.
1089 2833 1138 2878 in
1181 2825 1363 2896 Suppl.
1450 2829 1718 2877 ostendatur
1743 2827 2110 2894 privatojudicio
2125 2825 2334 2892 generale
2351 2825 2468 2872 sub—

345 2933 398 2980 q.
430 2911 495 2961 88
516 2951 530 2973 ,
560 2932 605 2962 a.
646 2930 695 2974 1,
725 2913 753 2961 3
777 2913 881 2962 diff.
915 2913 1176 2978 Respondet
1209 2923 1366 2961 autem
1441 2912 1703 2978 jiciendum
1751 2929 1862 2959 esse.
1910 2910 2063 2957 Prima
2107 2918 2172 2959 est
2202 2946 2214 2967 ‚
2259 2917 2314 2956 ut
2361 2925 2470 2971 ang-

345 2996 406 3045 ad
447 2997 509 3045 3·¹’
559 3014 573 3044 :
628 2994 914 3045 Universale
954 2995 1209 3062 judicium
1259 3011 1363 3042 ma·
1454 3004 1664 3042 mentum
1702 2994 1882 3058 proemii
1922 3001 2001 3040 aut
2034 3008 2176 3056 poenae
2213 2991 2471 3055 percipiant

343 3081 421 3143 qis
474 3079 648 3126 directe
694 3080 891 3145 respicit
942 3076 1362 3126 universalitatem
1449 3079 1618 3124 mortui
1673 3094 1725 3124 ex
1777 3076 1897 3124 male
1928 3084 2008 3122 aut
2051 3083 2171 3122 recte
2208 3073 2371 3135 factis3
2409 3072 2470 3118 al·

346 3160 600 3208 hominum
645 3178 789 3225 qua-m
820 3160 1035 3225 sinqulos
1059 3158 1364 3226 Jndicanelo-
1449 3169 1541 3206 tera
1562 3195 1575 3219 7
1599 3168 1650 3206 ut
1674 3160 1737 3222 pii
1760 3157 1972 3215 laudem,
2000 3158 2132 3221 impii
2163 3156 2468 3219 ignominiam

347 3261 491 3301 rnm;
516 3243 737 3308 quamvis
785 3260 893 3307 erqo
935 3241 1134 3291 cuilibet
1174 3242 1366 3290 homini
1448 3250 1826 3306 consequantur-3
1864 3240 1993 3286 tertia
2016 3276 2029 3298 7
2077 3247 2129 3285 ut
2174 3253 2364 3301 corpora
2397 3236 2469 3283 vei

345 3335 455 3374 ante
474 3325 728 3392 judicium
769 3329 860 3374 erit
904 3337 1033 3374 certa
1082 3327 1257 3374 notitia
1309 3325 1365 3372 de
1451 3325 1688 3388 praemium
1727 3321 1798 3369 vol
1838 3338 2023 3385 poenam
2071 3336 2177 3367 cum
2221 3321 2377 3366 animo
2413 3335 2465 3364 ex

344 3411 426 3456 sui
488 3408 802 3458 damnatione
856 3408 931 3456 vel
967 3410 1170 3474 proemio
1196 3429 1214 3466 ;
1267 3423 1364 3455 non
1449 3421 1584 3471 aequo
1625 3404 1922 3470 participent3
1965 3410 2161 3468 quarta,
2201 3410 2254 3448 ut
2296 3399 2467 3447 divinae

345 3500 506 3539 tamen
533 3491 756 3539 omnibus
777 3492 993 3540 omnium
1025 3492 1275 3539 damnatio
1295 3489 1370 3538 vel
1449 3487 1753 3535 Providentiae
1822 3488 1934 3533 ratio
1993 3483 2210 3531 omnibus
2259 3490 2462 3540 constet3

336 3575 602 3639 praemium.
632 3575 908 3622 innotescet.
951 3572 1096 3623 Unde
1108 3572 1363 3638 judicium
1449 3571 1611 3634 quinta
1628 3568 1818 3616 demum
1837 3604 1851 3630 7
1872 3567 2050 3616 utboni
2069 3571 2462 3631 perseverarentct

346 3658 667 3705 necessarium
728 3659 839 3705 erit.
906 3655 1005 3705 Cfr.
1072 3654 1361 3703 Catechism.
1450 3651 1561 3699 mali
1592 3652 1925 3714 resipiscerent.

346 3740 565 3787 Roman.
589 3749 708 3803 part.
735 3757 751 3786 1
770 3778 782 3799 ‚
813 3757 916 3804 cap.
955 3735 987 3786 8
1006 3774 1017 3796 7
1051 3756 1100 3786 n.
1126 3734 1159 3799 4
1186 3748 1227 3785 et
1262 3754 1362 3802 seq.
