2580 4152
579 291 736 327 PART.
781 291 821 325 1.
871 291 992 327 CAP.
1041 290 1102 325 11.
1147 289 1216 327 DE
1258 291 1485 327 NATURA
1527 291 1889 330 ANGELORUM.
2198 275 2271 333 19

180 453 339 511 quar
366 440 421 489 et
440 430 806 508 Anqelorvcm
829 428 893 506 (Ι
921 428 1050 487 Cor.
1082 428 1215 486 XIII
1243 473 1258 502 7
1292 428 1362 507 l)
1388 453 1404 501 3
1432 427 1691 487 Christus
1715 450 1855 490 vero
1877 430 2179 511 praedixit,
2209 434 2274 492 in

178 525 491 586 novissimo
524 522 615 581 die
639 520 956 580 mittendos
983 520 1230 599 Angelos
1261 543 1398 580 cum
1427 524 1574 580 tuba
1609 533 1664 580 et
1689 544 1815 582 voce
1844 545 2106 604 magna,
2148 524 2273 587 baec

177 619 432 701 profecto
451 617 672 698 aliaque
688 615 893 674 similia
911 660 928 687 7
959 637 1086 696 quae
1113 616 1328 696 passim
1353 617 1414 674 in
1431 617 1738 697 Scripturis
1757 618 1987 696 Angelis
2010 619 2276 679 tribuun-

178 725 307 782 tur,
338 711 553 792 absque
571 731 808 792 corpore
836 710 1097 791 praestari
1135 708 1467 769 nullatenus
1498 721 1759 791 possunt.
1800 711 2019 784 Quibus
2048 714 2226 774 addas
2252 760 2269 788 ,

177 810 244 866 2⁰
279 806 571 866 Christum
618 804 939 863 Sadducaeis
975 803 1465 885 interrogantibus
1488 850 1503 878 7
1549 809 1851 882 cujusnam
1882 806 1943 863 in
1981 828 2274 867 resurrec-

177 903 334 960 tione
371 901 561 959 futura
592 910 741 957 esset
775 898 1019 970 mulier,
1061 920 1188 978 quae
1233 909 1458 979 septem
1499 897 1773 957 fratribus
1812 913 2122 981 nupserat,
2148 924 2273 961 res-

175 995 445 1078 pondisse
466 1041 480 1068 7
510 996 761 1073 oequales
781 992 1007 1071 Angelis
1025 997 1209 1069 justos
1241 992 1361 1050 fore
1385 1017 1401 1063 ς
1426 991 1549 1050 haec
1577 1003 1772 1051 autem
1790 993 2083 1074 aequalitas
2111 995 2274 1055 nulla

176 1103 326 1149 esset
345 1136 360 1163 7
389 1091 500 1147 nisi
530 1088 771 1167 Angelos
798 1108 1097 1167 corporeos
1128 1086 1565 1144 admitteremus
1598 1087 1708 1165 (l).
1743 1089 1914 1166 Ergo,

258 1185 354 1245 32.
401 1186 571 1263 Resp.
607 1180 682 1239 ad
713 1183 791 1237 1ιιι
815 1224 831 1252 7
856 1181 1015 1238 Dist.
1044 1191 1171 1236 ant.
1207 1178 1266 1236 Si
1291 1179 1600 1259 Scripturae
1619 1180 1991 1240 materialiter
2017 1204 2082 1242 ac
2098 1197 2275 1265 prout

178 1288 383 1338 sonant
410 1274 806 1352 intelligantur
826 1317 842 1346 7
872 1294 1060 1345 cona,
1095 1273 1141 1330 si
1173 1273 1486 1353 spiritualis
1516 1284 1575 1331 et
1615 1273 2042 1354 metaphoricus
2073 1299 2274 1339 earum

176 1390 373 1431 sensus
396 1367 757 1449 dispiciatur,
782 1388 912 1447 neq.
947 1368 1064 1425 Nec
1091 1367 1246 1425 enim
1273 1366 1439 1425 aliter
1465 1367 1642 1448 accipi
1670 1380 1917 1449 possunt
1936 1413 1952 1444 7
1979 1391 2113 1429 cum
2138 1393 2276 1431 eum

172 1485 406 1524 sensum
425 1508 441 1536 7
468 1473 536 1520 ut
560 1482 631 1521 ex
657 1461 821 1519 dictis
854 1472 1017 1542 patet
1035 1506 1050 1536 7
1082 1460 1336 1539 subjecta
1361 1462 1601 1520 materia
1623 1463 1864 1522 minime
1899 1465 2066 1524 ferat.
2108 1467 2278 1540 Quod

172 1560 219 1617 si
239 1558 365 1639 quis
388 1569 586 1616 tamen
611 1554 992 1615 contenderet
1007 1555 1319 1615 nonnullas
1336 1577 1407 1615 ex
1430 1556 1596 1615 dictis
1625 1558 2059 1638 operationibus
2087 1562 2277 1642 reipsa

171 1651 245 1711 ab
273 1651 501 1731 Angelis
528 1651 756 1732 perfici,
794 1661 934 1709 tunc
959 1651 1293 1732 reponimus
1320 1650 1566 1730 Angelos
1598 1651 1660 1709 in
1703 1673 1942 1734 corpore
1976 1667 2274 1737 assumpto

172 1768 266 1807 eas
290 1745 651 1826 operationes
668 1756 976 1825 praestare,
996 1766 1110 1826 quo
1131 1746 1349 1826 pariter
1372 1767 1545 1804 sensu
1548 1757 1811 1824 potentes
1829 1752 2048 1807 virtute
2071 1749 2277 1829 Angeli

173 1851 333 1915 sunt7
350 1841 483 1922 quia
504 1861 709 1921 corpus
726 1851 1052 1899 assumunt.
1076 1843 1265 1921 Atque
1281 1843 1361 1899 ita
1385 1839 1787 1900 dissolvuntur
1803 1853 2007 1902 ceterae
2031 1843 2277 1903 difficul-

173 1946 319 1995 tates
338 1980 354 2011 7
372 1956 500 2016 quae
513 1936 634 2016 peti
659 1946 896 2015 possent
918 1955 990 1993 ex
1006 1935 1248 1995 diversis
1264 1934 1616 2013 Angelorum
1641 1935 2124 2017 apparitionibus,
2149 1960 2273 2014 esu,

174 2041 318 2111 potu
343 2041 452 2089 etc.
487 2028 678 2087 Tobiae
699 2030 856 2088 enim
894 2030 1032 2102 XII,
1072 2030 1171 2104 197
1203 2029 1347 2088 dixit
1374 2028 1624 2108 Angelus
1654 2049 1667 2087 z
1704 2031 1857 2090 Cum
1878 2053 2055 2090 essem
2086 2035 2279 2093 vohis-

174 2145 314 2183 cum
329 2167 351 2196 ,
378 2125 630 2184 videbar
656 2126 895 2203 quidem
919 2126 1294 2184 manducare
1317 2135 1372 2183 et
1396 2126 1594 2183 hibere
1605 2167 1630 2196 ,
1656 2127 1760 2184 sed
1772 2147 1870 2205 eqo
1880 2137 2034 2206 potu
2061 2131 2280 2188 invisi-

174 2221 290 2280 hili
305 2232 361 2278 et
390 2222 520 2279 cibo
539 2265 554 2294 7
580 2231 751 2292 utor,
780 2231 889 2279 ete.
919 2220 1030 2300 (2).

255 2314 354 2374 33.
400 2315 488 2374 Ad
503 2315 586 2372 2¹¹¹
605 2361 622 2388 7
648 2317 805 2375 Dz'st.
835 2315 1104 2397 AEquales
1123 2314 1351 2395 Angelis
1370 2315 1491 2374 fore
1516 2313 1708 2396 quoad
1732 2316 1975 2375 modum
2004 2317 2245 2378 vivendi
2261 2364 2278 2393 7

178 2429 365 2482 oona,
408 2410 598 2491 quoad
630 2410 879 2470 modum
914 2410 1238 2485 existendi,
1277 2433 1409 2490 neq.
1450 2411 1557 2469 Hic
1594 2410 1754 2470 enim
1792 2411 2113 2471 similitudo
2159 2434 2283 2472 non

179 2502 352 2560 afficit
378 2524 606 2584 corpus7
636 2504 736 2563 sed
754 2505 994 2563 modum
1019 2506 1139 2566 sive
1167 2507 1455 2564 rationem
1477 2505 1749 2579 vivendi,
1781 2507 2280 2587 quemadmodum

179 2597 339 2655 enim
367 2596 569 2676 Angeli
591 2609 800 2657 natura
829 2620 929 2657 sua
953 2600 1185 2680 nuptias
1211 2622 1330 2657 non
1357 2601 1564 2658 ineunt
1583 2645 1598 2674 7
1627 2601 1761 2681 quia
1788 2612 1988 2659 carent
2011 2622 2273 2683 corpore,

181 2692 259 2750 ita
275 2713 463 2772 neque
478 2703 839 2770 resurgentes
856 2692 1268 2752 instaurabunt
1289 2695 1526 2775 nuptias
1543 2739 1559 2768 7
1586 2695 1744 2775 quia,
1773 2696 1880 2753 etsi
1896 2716 2135 2776 corpora
2159 2695 2278 2754 sint

180 2784 435 2845 habituri
455 2831 470 2859 7
498 2786 845 2865 Angelorum
874 2787 1058 2844 instar
1078 2788 1297 2868 nuptiis
1329 2787 1728 2846 abstinebunt.

265 2879 362 2938 34.
413 2882 552 2939 Inst.
580 2880 850 2939 secundo.
885 2880 1100 2940 Saltem
1135 2881 1426 2940 daemones
1452 2883 1512 2939 in
1546 2882 1850 2962 Scripturis
1876 2881 2050 2941 modo
2081 2881 2283 2965 perhi-

182 2973 399 3034 bentur
422 2976 552 3055 igne
568 2976 822 3056 torqueri
847 2976 869 3054 (
891 2975 1098 3034 Matth.
1134 2978 1310 3051 XXV7
1340 2975 1450 3048 413
1488 2977 1537 3034 II
1566 2978 1688 3035 Pet.
1730 2976 1816 3051 117
1844 2977 1916 3050 [ις
1950 2977 2090 3038 Jud.
2135 2978 2192 3036 6.
2214 2979 2277 3060 )7·

186 3070 356 3128 modo
383 3092 524 3128 sono
553 3070 783 3129 citharae
808 3073 1091 3152 compesci
1121 3072 1143 3150 (
1160 3073 1183 3130 I
1213 3073 1348 3150 Reg.
1379 3072 1506 3130 XVI
1528 3116 1544 3146 7
1564 3070 1678 3151 23)
1698 3117 1714 3146 7
1743 3072 1917 3131 modo
1942 3072 2089 3132 fellis
2121 3073 2283 3134 fumo

189 3161 367 3242 fugari
404 3163 596 3243 (Tob.
639 3166 729 3222 VI.
773 3165 830 3222 8.
861 3166 903 3244 ).
950 3167 1118 3224 Hisce
1158 3165 1450 3224 cohaerent
1490 3187 1618 3247 quae
1658 3167 1874 3247 passim
1908 3166 2224 3227 traduntur
2253 3190 2287 3227 a

193 3257 478 3334 PatribuS,
503 3280 599 3319 eos
623 3280 836 3341 nempe
865 3259 1014 3318 allici
1030 3259 1191 3335 cibis7
1209 3261 1443 3334 nidore,
1464 3261 1810 3319 suffimentis
1827 3273 1937 3320 etc.
1967 3255 2095 3341 (3).
2115 3264 2278 3342 ErgO.

268 3487 331 3550 (1)
362 3487 453 3535 Cfr.
488 3487 748 3539 Muzzarelli
768 3528 781 3551 ,
815 3509 891 3555 op.
921 3493 1000 3540 cit.
1275 3491 1376 3540 Cfr.
1408 3493 1546 3540 etiam
1564 3490 1741 3540 Nicolai
1761 3527 1774 3551 ‚
1805 3489 1913 3540 Soc.
1933 3490 2042 3542 Jesu
2063 3528 2076 3552 ,
2097 3488 2168 3538 In
2191 3489 2289 3538 To·

263 3569 326 3631 (2)
342 3569 447 3616 Vid.
464 3567 599 3619 Card.
618 3570 740 3620 Gotti
759 3608 774 3637 7
790 3574 870 3621 De
889 3581 1066 3621 natura
1084 3570 1193 3620 An·
1274 3573 1405 3622 biam
1423 3608 1436 3632 7
1478 3574 1658 3621 dissert.
1684 3590 1729 3620 v1
1764 3582 1810 3621 et
1832 3589 1932 3621 xm.

191 3649 281 3714 qel.
306 3649 472 3714 Quaest.
487 3667 522 3696 11
538 3685 552 3711 ‚
575 3651 684 3699 dub.
708 3669 751 3714 1,
771 3651 798 3718 ὃ
820 3651 852 3716 4
871 3691 883 3714 ,
903 3672 1036 3703 num.
1068 3651 1132 3701 26
1149 3662 1195 3703 et
1345 3653 1410 3717 (3)
1448 3653 1486 3702 A
1513 3653 1693 3704 Minue.
1733 3653 1912 3716 Felice,
1957 3655 2009 3702 in
2055 3651 2256 3701 Octavio
2272 3688 2288 3711 7

194 3747 319 3796 seqq.
343 3741 387 3780 et
415 3729 466 3779 S.
496 3730 582 3779 Th.
614 3742 713 3797 part
745 3749 758 3781 ι
786 3771 800 3796 ,
825 3752 872 3800 q.
898 3732 954 3783 51
983 3771 997 3797 ,
1032 3746 1116 3785 art.
1142 3733 1191 3784 3.
1278 3736 1506 3786 daemones
1537 3736 1838 3802 perhibentur
1869 3734 2036 3783 nidore
2055 3733 2286 3782 altarium

1982 3827 2043 3886 2.
