2580 4152
295 307 452 343 PAlt’r.
482 305 523 341 1.
560 305 681 342 CAP.
710 304 765 341 V.
790 303 858 339 DE
890 303 1179 341 DAEMONUM
1210 303 1326 341 CUM
1351 302 1657 341 HOMINIB'US
1683 303 2022 343 COMMERCIO.
2130 286 2204 345 47

114 450 181 506 20
212 447 504 506 Christum
532 466 592 503 se
627 466 686 503 se
723 443 1188 504 accommodasse
1211 444 1369 524 vulgi
1400 445 1657 527 opinioni
1687 466 1930 526 eamque
1968 446 2129 506 factis
2152 458 2212 506 et

116 542 280 601 dictis
308 541 695 612 confirmasse,
728 538 885 619 quod
904 549 1126 619 pugnat
1149 560 1282 597 cum
1311 544 1432 618 ejus
1450 541 1791 612 veracitate3
1823 540 1889 598 3⁰
1914 540 2211 622 Apostolos

116 637 411 695 Christum
436 656 558 691 non
585 633 754 692 aliter
779 632 1135 693 intellexisse
1156 679 1171 708 .,
1218 656 1401 715 quum
1435 634 1508 694 de
1536 635 1824 694 contrario
1865 636 2056 716 potius
2084 656 2214 695 con-

116 743 230 791 stet
248 776 262 804 ‚
301 731 438 812 ipsis
462 729 775 788 fatentibus
799 729 1171 789 rationalistis
1211 730 1319 810 (l).

199 827 296 884 99.
349 827 533 905 Atque
555 824 692 883 hinc
714 823 1076 904 intelligitur,
1097 825 1254 905 quod
1278 827 1693 884 commentario
1709 847 1780 884 ex
1803 827 1857 884 S.
1878 826 2215 906 Hieronymi

115 923 179 979 in
219 941 344 1001 cap.
391 921 625 978 XXVIII
663 921 924 979 Jeremiae
970 919 1187 1000 opponi
1247 919 1392 978 solet
1438 943 1450 977 ε
1505 921 1696 997 Quasi
1737 942 1858 978 non
1904 922 2099 978 multa
2144 926 2215 979 in

117 1017 455 1094 Scripturis
468 1019 690 1072 sanctis
710 1016 1195 1091 dicanturjuoeta
1216 1018 1552 1092 opinionem
1579 1017 1750 1072 illius
1777 1020 2077 1094 temporie,
2100 1037 2216 1094 quo

114 1120 276 1188 qesta
300 1113 654 1188 referuntur
664 1151 684 1179 ,
707 1120 763 1167 et
779 1130 900 1166 non
915 1113 1107 1186 juxta
1136 1109 1296 1185 quod
1305 1111 1402 1164 rei
1417 1111 1636 1165 veritas
1650 1111 2007 1168 continebat.
2044 1110 2218 1169 Aliud

124 1204 278 1262 enim
314 1215 401 1262 est
433 1203 707 1283 pleraque
747 1201 820 1259 ad
869 1201 1072 1259 salsam
1102 1200 1259 1278 vulgi
1287 1200 1622 1280 opinionem
1664 1203 1934 1261 historice
1959 1205 2166 1264 referri
2196 1251 2213 1280 ‚

124 1297 280 1356 aliud
308 1309 446 1356 vero
481 1296 687 1354 falsam
718 1295 876 1375 vulgi
912 1295 1250 1377 opinionem
1284 1297 1609 1375 dogmatice
1645 1296 1939 1376 figmentis
1974 1299 2212 1359 firmari.

125 1391 380 1451 Primum
429 1390 503 1448 ad
560 1389 808 1448 historiae
859 1391 1166 1449 veritatem
1212 1400 1434 1470 spectat
1476 1436 1492 1465 a
1549 1390 1797 1449 alterum
1847 1391 1923 1450 ad
1962 1392 2220 1453 historici

121 1485 216 1546 vel
261 1485 550 1565 operantis
591 1485 914 1566 nequitiam
946 1531 962 1560 ,
1008 1505 1116 1544 nec
1152 1483 1283 1543 talis
1339 1485 1594 1566 profecto
1635 1487 1974 1566 Hieronymi
2017 1509 2220 1547 sensus

137 1591 226 1639 est
256 1581 360 1659 (2).
1911 1659 1914 1662 .

210 1676 342 1734 100.
389 1676 533 1734 Inst.
561 1674 830 1734 secundo,
858 1675 1075 1733 Saltem
1096 1674 1359 1756 plerique
1377 1696 1448 1734 ex
1469 1675 1559 1748 iis,
1588 1676 1687 1756 qui
1710 1676 1772 1733 in
1792 1678 1957 1736 Novo
1979 1677 2221 1738 Foedere

126 1770 455 1830 daemoniaci
494 1769 765 1828 dicuntur
783 1815 799 1842 a
833 1771 894 1827 10
932 1770 1168 1828 nonnisi
1196 1771 1449 1829 amentia
1472 1768 1844 1843 laborarunt3
1873 1793 2056 1852 quum
2083 1794 2220 1853 per-

129 1867 393 1925 tinaciter
440 1866 622 1923 fixum
671 1865 733 1923 in
785 1865 923 1946 ipsis
976 1876 1160 1938 esset,
1211 1886 1272 1923 se
1313 1865 1485 1924 fuisse
1526 1886 1559 1923 a
1598 1864 1862 1924 daemone
1898 1878 2213 1948 correptos

123 2071 320 2119 nificari.
346 2070 465 2118 Nam
498 2078 546 2117 1⁰
562 2079 628 2119 est
643 2079 801 2118 auctor
815 2086 991 2118 coaevus
1005 2106 1022 2132 ‚
1046 2071 1127 2136 qui

123 2154 326 2218 loquitur
351 2153 408 2201 de
436 2152 725 2201 daemoniacis
745 2162 965 2218 tanquam
997 2152 1054 2200 de
1079 2169 1128 2200 re

124 2235 431 2298 vulgatissima
450 2272 464 2295 ‚
495 2252 548 2283 ac
574 2235 632 2283 de
665 2237 925 2283 exorcismis
959 2236 1127 2300 passim

43 2327 45 2329 ’
125 2316 182 2364 ab
217 2319 547 2383 antiquissimis
579 2317 862 2381 temporibus
897 2319 947 2364 in
990 2334 1127 2364 usum

126 2401 318 2462 receptis
343 2388 401 2446 ad
435 2397 698 2447 liberandos
734 2416 839 2447 vere
866 2417 892 2447 a
923 2399 1130 2447 daemone

128 2473 350 2526 obses'sos.
389 2488 441 2526 2⁰
479 2479 650 2528 Scribit
687 2482 805 2528 inter
854 2479 1030 2528 Graecos
1070 2481 1129 2528 ad

128 2558 307 2607 Graecos
330 2570 374 2608 et
399 2560 650 2609 Romanos.
670 2561 910 2610 Evanescit
936 2563 1128 2627 proinde

124 2641 372 2689 difficultas
401 2659 426 2690 e
450 2641 641 2690 Joannis
670 2643 850 2690 silentio
877 2646 1016 2707 petita
1033 2681 1047 2704 ,
1074 2661 1128 2692 eo

128 2723 253 2788 quod
270 2723 485 2771 scriberet
504 2725 624 2771 inter
650 2721 851 2772 Graecos.
874 2725 925 2771 3⁰
943 2724 1128 2773 Testem

126 2822 222 2854 sese
236 2804 420 2853 exhibet
434 2806 491 2853 de
504 2807 603 2853 visu
629 2807 726 2870 ejus
743 2842 757 2864 ‚
775 2806 899 2870 quod
920 2805 977 2853 de
996 2805 1129 2854 Elea-

124 2903 234 2935 zaro
247 2889 465 2935 exorcista
480 2886 639 2934 litteris
654 2889 951 2951 consignavit.
965 2884 1020 2950 4⁰
1037 2887 1128 2935 Ex·

129 2966 257 3015 hibet
282 2971 435 3017 omnia
475 2970 629 3032 signa,
661 2968 831 3034 quibus
865 2985 998 3017 verus
1034 2969 1128 3016 dae-

129 3051 362 3098 moniacus
392 3050 692 3113 dignoscitur.
721 3049 842 3098 Nam
867 3061 918 3098 ut
946 3053 1128 3115 signum

123 3128 187 3176 ‹le
215 3132 335 3179 exitu
356 3131 575 3180 daemonis
595 3149 621 3180 e
649 3149 836 3196 corpore
864 3132 1033 3181 obsessi
1055 3150 1127 3181 re-

128 3209 214 3257 fert
230 3245 245 3268 ‚
307 3212 559 3262 daemonem
614 3224 857 3263 exeuntem
915 3215 1128 3263 debuisse

123 3299 324 3339 evertere
361 3295 578 3357 poculum
619 3314 739 3362 aqua
791 3296 983 3360 plenum
1030 3314 1128 3345 non

126 3373 287 3435 procul
321 3389 468 3422 coram
499 3377 715 3425 omnibus
743 3379 941 3442 positum
960 3415 974 3438 ,
997 3378 1127 3426 ideo-

125 3471 218 3518 que
243 3472 337 3502 non
360 3456 575 3521 agebatur
600 3459 658 3508 de
689 3460 883 3508 insania
899 3497 916 3520 ,
947 3458 1127 3525 epilep-

123 3536 238 3582 iicis
256 3573 269 3594 ‚
306 3536 534 3599 furiosis,
567 3542 770 3605 aeqrotis.
800 3539 855 3589 5⁰
881 3540 1100 3606 Expulsio
1117 3569 1127 3578 -

124 3632 234 3663 nem
249 3617 466 3667 daemonis
488 3631 615 3669 vocat
641 3624 808 3686 passim
830 3624 1125 3671 curationem

85 3718 88 3722 ·
125 3697 390 3764 θεραπείαν.
432 3701 602 3750 Eadem
645 3714 878 3768 propterea
909 3720 1020 3752 voce
1054 3706 1123 3752 uti

122 3789 332 3850 poterant
349 3781 658 3847 Evangelistae.
675 3781 730 3831 6ο
750 3784 1031 3836 Exorcistam
1049 3787 1124 3833 in-

1210 2069 1337 2118 ducit
1356 2071 1662 2135 imperantem
1682 2069 1911 2134 daemonij
1934 2059 2001 2119 *ne
2022 2073 2220 2138 amplius
2254 2113 2256 2115 -

1209 2153 1260 2199 in
1311 2151 1546 2200 obsessum
1599 2152 1849 2201 liberatum
1895 2164 2220 2205 reverteretur.

1210 2232 1404 2298 Quando
1436 2236 1573 2299 igitur
1602 2233 1811 2283 Christus
1837 2236 2091 2300 imperabat
2126 2237 2221 2285 dae-

1210 2319 1370 2376 moni,
1402 2335 1499 2365 non
1517 2316 1780 2366 simulabat.
1811 2325 1863 2383 7⁰
1885 2316 2099 2386 Denique
2123 2317 2220 2365 doe-

1209 2414 1371 2446 mones
1417 2399 1653 2446 collectivo
1704 2415 1756 2445 ac
1807 2399 1974 2462 plurali
2022 2417 2217 2448 numero

1209 2489 1341 2527 vocat
1379 2480 1437 2528 ad
1474 2480 1823 2544 significandam
1856 2498 2015 2528 eorum
2056 2482 2214 2530 multi-

1211 2562 1423 2609 tudinem
1464 2569 1546 2610 τᾶν
1580 2558 1835 2624 >coepitium
1877 2562 2218 2611 Commemorat

1209 2644 1447 2693 hominem
1471 2645 1752 2710 collapsum,
1780 2644 2118 2710 adjurationem
2139 2663 2218 2693 ex-

1211 2727 1481 2773 orcistarum
1498 2763 1511 2785 ‚
1545 2735 1633 2774 etc.

1276 2806 1351 2868 (l)
1384 2805 1566 2853 Etenim
1582 2805 1923 2870 Wegscheider‚
1942 2804 1969 2870 ᾗ
1989 2805 2081 2855 106
2099 2843 2112 2867 ‚
2135 2824 2215 2855 ve-

1209 2886 1562 2935 risimillimum
1593 2905 1689 2937 esse
1707 2897 1836 2953 putat
1858 2891 2121 2953 magistrum
2141 2906 2218 2938 sa-

1212 2971 1551 3032 pientissimum
1566 2968 1800 3018 Christum
1822 3007 1835 3029 ,
1846 2972 2012 3020 rectius
2024 2970 2220 3036 quidem

1208 3051 1267 3099 de
1299 3051 1630 3116 daemonologia
1657 3051 1924 3100 Judaeorum
1961 3054 2213 3117 cogitasse3

1204 3133 1456 3198 discipulos
1497 3150 1603 3182 vero
1642 3136 1778 3183 istam
1820 3134 2078 3183 doctrinam
2119 3152 2218 3184 non

1207 3216 1326 3263 satis
1343 3213 1697 3263 intellexissent
1713 3218 1862 3279 ipsam
1884 3216 2217 3280 providentiam

1209 3296 1414 3344 divinam
1441 3299 1632 3361 posteris
1652 3297 1860 3346 eamdem
1877 3297 2217 3347 emendandam

1209 3378 1327 3425 tradi
1342 3378 1558 3426 voluisse.
1575 3377 1708 3427 Hanc
1733 3395 1866 3443 porro
1882 3379 2216 3428 emendationis

1209 3476 1370 3507 curam
1394 3460 1483 3507 sibi
1515 3460 1805 3509 rationalistae
1834 3461 2161 3510 demandatam
2183 3478 2211 3509 a

1207 3541 1366 3590 divina
1394 3542 1683 3606 providentia
1710 3544 1988 3591 antumant!

1277 3622 1340 3687 (2)
1375 3623 1477 3672 cfr.
1517 3625 1627 3673 edit.
1671 3624 1880 3673 Vallarsii
1903 3661 1917 3684 ,
1961 3630 2082 3672 tom.
2126 3639 2209 3683 xv,

1205 3720 1309 3768 pag.
1348 3720 1367 3753 1
1378 3702 1495 3766 040.
