2580 4152
398 228 518 288 276

1056 259 1258 296 TRAG'r.
1308 260 1378 298 DE
1422 264 1526 300 1)Εο
1569 266 1882 307 CREATORE.

402 417 470 454 eo
492 394 719 478 liquido
746 408 1010 472 constat3
1043 411 1436 483 quapropter,
1470 409 1794 483 eujusmodi
1811 411 1888 469 sit
1905 458 1921 487 2
1941 422 2082 471 tune
2107 413 2285 495 plane
2312 421 2538 477 noveri-

396 514 531 551 mus
553 539 568 566 7
594 513 728 550 cum
745 537 761 565 ‚
794 491 995 553 divina
1020 497 1343 576 sospitante
1369 499 1551 578 gratia
1573 547 1588 575 a
1616 501 1693 560 ad
1713 501 2144 568 beatitudinem
2176 508 2341 568 illam
2366 510 2538 570 nobis

399 588 714 669 pervenire
751 589 1059 670 contigerit
1094 590 1202 671 (l).

1204 785 1617 842 PROPOSITIO
1656 790 1705 840 II
1714 829 1724 841 .

516 927 695 985 Beati
736 935 1295 1006 supernaturaliter
1334 932 1538 990 Deum
1582 954 1689 992 nec
1726 937 2243 1014 comprehendunt
2285 963 2389 1000 nec

1071 1026 1569 1106 comprehendere
1604 1041 1883 1108 possunt.

479 1215 622 1274 606.
670 1218 756 1275 De
787 1215 901 1274 fide
926 1227 1014 1275 est
1037 1214 1157 1275 haec
1179 1218 1501 1299 propositio
1518 1266 1534 1294 ἦ
1554 1230 1620 1278 ut
1646 1241 1718 1278 ex
1737 1220 1996 1281 Concilio
2022 1223 2396 1284 Lateranensi
2415 1227 2489 1286 IV
2511 1273 2527 1299 .,

392 1332 518 1394 cap.
559 1313 862 1371 Firmiter
893 1324 1159 1385 constat,
1204 1313 1305 1372 ubi
1334 1337 1353 1372 .·
1397 1316 1744 1391 Credimus,
1778 1317 2059 1399 inquiunt
2099 1322 2336 1392 Patresq,
2378 1324 2542 1402 quod

392 1413 473 1467 sit
517 1411 682 1468 Deus
717 1411 1367 1490 incomprehensibilis.

477 1504 618 1563 607.
667 1506 1015 1587 Priusquam
1051 1527 1193 1566 vero
1228 1527 1360 1565 eam
1395 1506 1752 1567 adstruimus
1776 1554 1792 1583 7
1826 1509 2424 1572 animadvertendum
2448 1526 2535 1573 est

391 1600 622 1660 diversa
646 1603 873 1661 ratione
901 1624 934 1659 a
951 1601 1250 1663 veteribus
1278 1601 1550 1661 Patribus
1570 1614 1628 1662 et
1646 1604 2069 1664 recentioribus
2086 1605 2367 1688 theologis
2392 1613 2538 1687 ejus-

389 1695 1343 1779 modiincomprehensibilitatem
1382 1699 1619 1780 exponi.
1667 1700 1909 1775 Veteres
1934 1701 2131 1777 enim,
2173 1713 2239 1761 ut
2277 1704 2537 1764 ostendit

393 1792 671 1853 Petavius
703 1792 817 1874 (2),
855 1792 931 1853 ad
952 1793 1541 1876 comprehensionem
1574 1795 1958 1877 requirebant
1996 1797 2390 1880 aequalitatem
2429 1803 2534 1860 oh-

370 1892 670 1965 jectivam
700 1901 759 1950 et
782 1893 1235 1951 intentionalem
1265 1892 1665 1971 cognoscentis
1689 1902 1749 1951 et
1777 1893 1861 1953 rei
1885 1894 2154 1973 cognitae,
2188 1894 2333 1955 adeo
2357 1907 2421 1954 ut
2461 1919 2533 1957 ex

464 2119 528 2183 (1)
568 2115 727 2181 Quale
773 2124 935 2164 autem
986 2116 1053 2162 sit
1093 2113 1420 2162 necessarium

389 2201 519 2251 illud
552 2199 795 2248 auxilium
817 2235 832 2262 ‚
865 2199 1021 2264 inquit
1059 2196 1300 2255 Petavius‚
1336 2193 1419 2243 De

390 2284 501 2332 Deo
519 2321 534 2344 ‚
558 2282 646 2331 lib.
671 2299 765 2340 vn,
785 2298 886 2346 cap.
907 2278 940 2328 8
959 2317 973 2344 ‚
994 2277 1069 2345 §4
1085 2317 1098 2340 ‚
1132 2280 1231 2326 sive
1254 2277 1418 2326 lumen

388 2366 558 2432 qlorioe
574 2402 589 2427 ,
623 2381 716 2430 quo
747 2362 814 2410 ad
841 2362 1010 2411 Deum
1036 2360 1300 2409 videndum
1325 2377 1415 2409 na-

389 2459 501 2498 tura
531 2447 771 2514 fulcitur,
816 2462 954 2494 nemo
990 2443 1174 2509 liquido
1218 2443 1414 2491 demon-

390 2534 593 2593 stravit,
649 2531 855 2578 minime
904 2528 1123 2576 omnium
1168 2526 1415 2592 efficientis

387 2614 630 2682 quoddam
664 2628 816 2678 qenus
845 2627 943 2659 esse
974 2626 1165 2669 causoe,
1200 2625 1258 2656 ac
1287 2607 1416 2657 velut

389 2699 643 2759 habitum,
671 2705 716 2743 et
749 2691 973 2757 δόκιμα,
1003 2694 1104 2740 sive
1132 2689 1414 2757 facultatem

390 2790 637 2830 actuosam
661 2814 677 2840 ,
727 2777 855 2842 quod
898 2777 1088 2843 passim
1138 2775 1195 2821 in
1240 2772 1413 2822 scholis

378 2864 673 2932 percrebuit.
708 2859 867 2909 Immo
896 2875 1005 2908 vero
1029 2859 1076 2905 si
1100 2875 1159 2906 ex
1189 2859 1254 2904 iis
1274 2893 1287 2916 ‚
1306 2874 1412 2922 quoe

377 2947 549 3015 palam
563 2955 607 2994 et
619 2954 778 3011 aperte
798 2943 1175 3008 siqnificarunt(
1190 2942 1409 3005 veteres),

386 3032 708 3096 conjecturam
761 3026 818 3073 de
868 3042 920 3073 eo
957 3024 1118 3089 facere
1155 3022 1405 3083 volumus,

386 3110 663 3180 cujusmodi
689 3109 851 3157 lumen
878 3107 1005 3155 illud
1025 3108 1116 3167 sit,
1146 3106 1302 3170 mayis
1321 3107 1414 3153 erit

384 3204 445 3244 ut
490 3194 555 3243 ad
597 3193 825 3259 objectam
870 3189 1202 3256 intelliqentioe
1238 3206 1296 3236 ae
1334 3190 1411 3236 vi-

383 3280 519 3327 sioni
542 3294 642 3324 rem
679 3274 807 3322 illud
834 3274 1101 3339 reseramus
1120 3308 1136 3334 ,
1172 3289 1319 3336 quam
1346 3270 1412 3319 ad

382 3363 659 3429 efficientem
687 3344 891 3407 visionis
913 3356 1200 3422 poten-tiam.
1225 3354 1409 3421 Quem-

384 3443 649 3494 admodum
678 3448 875 3489 eoeterna
897 3438 985 3487 lua·
1005 3437 1091 3485 illa
1113 3476 1125 3497 ‚
1146 3452 1243 3502 qua
1269 3436 1408 3484 illus-

382 3536 512 3576 trata
523 3540 722 3592 corpora
736 3530 1007 3571 cernuntur
1015 3519 1167 3569 oculis
1175 3521 1407 3586 corporis,

383 3610 451 3659 ad
498 3608 761 3675 subjectiva
810 3606 941 3654 visui
991 3602 1197 3651 colorata
1240 3605 1409 3669 potius

380 3708 583 3758 corpora
643 3706 790 3756 quam
838 3687 903 3736 ad
961 3685 1163 3735 videndi
1215 3703 1409 3734 sensum

376 3776 616 3839 pertinet,
641 3782 686 3821 et
703 3774 759 3821 in
782 3771 951 3839 objecti
971 3807 982 3831 ‚
1006 3775 1063 3818 ut
1076 3768 1207 3834 loqui
1222 3768 1399 3834 solent,

1504 2129 1651 2161 censu
1690 2121 2031 2179 apparatuque
2066 2122 2385 2176 numeratur,
2434 2133 2532 2165 non

1504 2198 1663 2262 ipsius
1692 2196 1896 2244 videndi
1918 2195 2193 2261 facultatis.
2223 2196 2358 2262 Quod
2395 2199 2530 2248 dein·

1504 2296 1611 2344 ceps
1634 2316 1647 2339 ‚
1684 2279 1833 2327 aliatis
1868 2281 1919 2327 in
1954 2276 2167 2328 medium
2201 2281 2413 2345 pluribus
2450 2300 2529 2331 ve-

1503 2372 1656 2410 terum
1708 2364 1982 2411 testimoniis
2014 2400 2027 2422 ‚
2083 2363 2322 2412 ostendere
2363 2369 2527 2430 pergit.

1503 2443 1801 2493 Thomassini
1848 2447 2112 2506 sententia,
2154 2446 2278 2512 quod
2326 2447 2382 2495 ad
2430 2465 2527 2497 rem

1500 2529 1648 2592 ipsam
1679 2538 1885 2594 spectat,
1925 2546 2034 2576 cum
2069 2528 2159 2576 hac
2200 2529 2372 2577 Petavii
2411 2546 2524 2578 con-

1500 2612 1648 2659 venit.

1570 2692 1636 2756 (2)
1670 2691 1751 2740 De
1783 2691 1918 2751 Deo,
1952 2692 2039 2741 lib.
2073 2708 2170 2752 vn,
2198 2710 2301 2757 cap.
2336 2692 2399 2753 3,
2441 2694 2523 2743 ubi

1499 2786 1659 2824 monet
1685 2774 2152 2841 comprehensionem
2182 2773 2359 2822 Latinis
2398 2777 2523 2824 idem

1499 2876 1595 2907 esse
1620 2875 1674 2906 ac
1703 2857 1871 2906 Graecis
1906 2854 2176 2918 κατάληψιν
2199 2894 2212 2916 ,
2240 2873 2343 2922 quae
2382 2875 2468 2906 vox
2497 2878 2523 2908 a

1499 2937 1879 3004 καταλαμβάνειν
1894 2941 2081 3005 profluit
2114 2957 2167 2988 ac
2196 2941 2378 3005 proprie
2396 2941 2521 2989 idem

1498 3025 1726 3088 significat
1755 3041 1809 3071 ac
1841 3023 2033 3087 assequi
2071 3023 2143 3070 vel
2181 3023 2443 3087 attinqere,
2473 3025 2521 3072 id

1497 3109 1783 3170 praesertim,
1831 3106 1958 3172 quod
2003 3105 2300 3153 vehementer
2340 3110 2519 3172 assequi

1495 3191 1647 3236 eonati
1677 3206 1857 3236 sumus.
1896 3188 2017 3236 Hinc
2047 3189 2105 3236 ad
2135 3191 2342 3254 animum
2368 3199 2518 3236 trans-

1495 3271 1587 3320 lata
1607 3271 1746 3320 dictio
1774 3271 1979 3319 obscurae
2013 3281 2057 3319 et
2075 3272 2299 3320 hactenus
2327 3272 2517 3320 occultae

1495 3371 1548 3403 ae
1571 3353 1650 3402 diu
1670 3356 1868 3420 quaesitae
1887 3356 1951 3403 rei
1975 3364 2144 3403 certam
2173 3356 2515 3420 perceptionem

1495 3436 1740 3502 significat.
1763 3435 1942 3486 Deinde
1961 3455 2066 3503 cap.
2087 3455 2187 3503 seq.
2213 3436 2353 3485 talem
2373 3437 2515 3484 fuisse

1495 3530 1703 3568 veterum
1740 3530 1971 3580 mentem,
2013 3538 2122 3569 cum
2159 3520 2415 3586 ioquuntur
2458 3518 2515 3567 de

1494 3602 2046 3667 incomprehensibilitate
2077 3602 2163 3652 Dei
2191 3640 2204 3664 ‚
2239 3597 2511 3650 luculentis-—

1494 3687 1608 3735 sime
1643 3685 1863 3735 Ostendit.
