2580 4152
317 206 395 264 76
870 279 874 285 Ι
988 231 1185 267 TRAGT.
1236 231 1304 266 nn
1347 232 1453 267 nno
1496 232 1803 271 cRnA'roRE.

316 358 466 416 fecto
499 357 565 415 40
592 357 985 416 Tertullianus
1010 351 1223 437 aliique
1244 359 1443 418 Patres
1464 405 1480 433 ,
1500 381 1566 419 ac
1592 361 1866 421 nonnulli
1892 362 2068 444 etiam
2092 361 2345 442 theologi
2373 363 2455 422 fa-

315 463 520 511 tentur
558 453 917 512 creationem
954 473 1026 510 ex
1050 451 1236 510 nihilo
1266 455 1492 514 ratione
1520 456 1713 536 potius
1750 479 1929 538 quam
1973 459 2286 539 Scripturae
2324 479 2455 516 aue-

315 548 553 607 toritate
595 545 982 629 comprobari.
1033 548 1157 606 Imo
1197 548 1262 604 50
1294 549 1625 610 Beausobre
1658 564 1857 610 censet
1895 553 2105 631 dogma
2144 552 2452 611 creationis

316 644 575 704 alienum
598 664 722 702 esse
751 642 825 701 ab
862 643 1104 724 antiqua
1142 646 1178 703 J
1183 644 1486 703 udaeorum
1525 645 1820 728 theologia
1849 649 1960 727 (l).
1988 649 2155 728 Ergo,

404 741 540 800 153.
577 742 752 820 Resp.
787 738 862 798 ad
888 740 967 797 1ιῙι
989 784 1005 814 ,
1033 742 1195 800 Disc.
1225 741 1671 800 Socinianorum
1692 789 1708 818 7
1735 765 1930 811 con0.,·
1951 743 2447 817 orthodoxorum5

314 860 446 918 neq.
494 839 643 896 Cum
679 835 971 894 Sociniani
999 840 1171 914 juxta
1217 838 1687 896 Protestantismi
1722 839 2013 920 principia
2037 884 2053 914 .,
2093 838 2194 898 ubi
2236 839 2454 921 pedem

314 931 535 1009 figant⁷
583 952 706 990 non
764 930 1027 991 habeant
1072 933 1134 990 in
1174 954 1471 992 sacrarum
1514 933 1849 994 litterarum
1901 937 2304 1017 expositione,
2355 957 2451 1009 eas

315 1036 517 1084 contra
560 1028 833 1089 nativum
871 1049 937 1087 ac
973 1027 1416 1088 traditionalem
1441 1051 1681 1090 sensum
1722 1030 1799 1090 ad
1836 1032 2076 1114 propria
2113 1031 2327 1114 placita
2347 1031 2463 1096 de-¹

312 1131 619 1204 torquent.

402 1218 538 1277 154.
568 1218 659 1279 Ad
679 1219 789 1294 2¹12,
819 1220 972 1301 Ney.
1016 1218 1152 1279 Ideo
1179 1221 1342 1280 enim
1370 1223 1522 1280 LXX
1556 1243 1762 1283 vocem
1792 1225 1920 1322 &23
1947 1222 2335 1284 reddiderunt
2358 1226 2455 1302 fe-

313 1360 399 1414 cit
422 1357 446 1435 (
469 1358 693 1437 ἐποίησε)
715 1403 731 1433 .,
773 1358 908 1440 quia
943 1357 1003 1416 id
1049 1359 1259 1440 quaerit
1288 1379 1486 1438 graecae
1517 1358 1729 1439 linguae
1762 1359 1990 1420 indoles
2019 1407 2034 1435 a
2074 1373 2141 1419 ut
2180 1372 2346 1443 patet
2382 1382 2455 1419 ex

312 1451 443 1533 ipso
474 1453 738 1534 symbolo
774 1453 1417 1536 constantinopolitano
1457 1477 1469 1512 ε
1520 1455 1706 1515 Credo
1739 1461 1811 1515 in
1852 1479 2053 1516 unum
2095 1459 2298 1517 Deum
2324 1460 2459 1535 fac-

314 1559 499 1607 torem
526 1553 663 1608 coelz‘
679 1595 695 1612 .
734 1562 846 1609 etc.
879 1550 1147 1629 (ποιητήν)
1169 1595 1185 1625 ,
1215 1549 1316 1608 ubi
1332 1571 1538 1612 vocem
1559 1554 1855 1629 factorem
1881 1553 2203 1631 significare
2226 1563 2459 1611 creato-

313 1667 443 1703 rem
475 1645 708 1704 nullum
739 1645 988 1704 dubium
1028 1657 1137 1705 est.

405 1742 542 1800 155.
587 1742 677 1802 Ad
696 1742 804 1818 3¹1²7
822 1743 976 1823 Neq.
1007 1744 1141 1801 Non
1163 1741 1323 1802 aliud
1354 1743 1575 1825 quippe
1592 1743 1871 1825 exprimit
1892 1744 2197 1825 Sapientiae
2221 1755 2421 1803 auctor
2437 1790 2454 1819 7

316 1861 493 1920 quam
526 1841 714 1898 Deum
747 1860 870 1898 non
907 1838 1099 1898 solum
1131 1839 1446 1901 materiam
1482 1839 1808 1899 condidisse
1835 1841 1857 1919 (
1884 1838 2043 1920 quod
2082 1839 2260 1921 aliqui
2293 1861 2454 1900 crea—

314 1937 543 1995 tionem
572 1942 857 2016 primam
894 1935 1183 2015 vocant),
1222 1935 1327 1995 sed
1364 1937 1555 2018 ipsam
1590 1947 1878 2017 praeterea
1920 1935 2218 2017 sapienter
2256 1934 2456 2018 dispo—

317 2035 499 2092 suisse
530 2034 939 2111 (creationem
970 2025 1300 2092 secundam
1342 2031 1586 2112 dicunt)
1608 2077 1624 2105 „
1663 2042 1731 2090 ut
1762 2042 1928 2112 patet
1965 2052 2038 2090 ex
2076 2042 2357 2090 contextu
2397 2043 2460 2090 et

318 2130 570 2189 auctoris
595 2150 770 2211 scopo
792 2176 808 2205 .‚
845 2128 1308 2190 commendandi
1334 2129 1441 2188 Dei
1475 2128 1825 2210 sapientiam
1851 2128 1965 2208 (2).

406 2225 540 2283 156.
592 2225 682 2284 Ad
713 2225 819 2301 4¹1¹,
855 2227 1008 2307 .Ney.
1037 2225 1433 2287 Tertullianus
1476 2225 1637 2284 enim
1674 2235 1806 2282 tum
1839 2224 2276 2305 Scripturarum
2315 2245 2457 2283 auc-
2529 2253 2536 2261 ’

319 2321 556 2380 toritate
598 2332 727 2379 tum
758 2323 986 2381 ratione
1017 2322 1143 2404 ipsa
1179 2320 1438 2382 ostendit
1469 2319 1748 2382 adversus
1779 2321 2214 2400 Hermogenem
2259 2326 2451 2375 mate-

319 2419 470 2476 riam
488 2440 611 2476 non
635 2439 759 2477 esse
783 2430 1066 2477 aeternam
1083 2418 1194 2499 (3).
1211 2418 1490 2477 Ceterum
1506 2417 1739 2497 Bergier
1755 2427 2037 2498 provocat
2059 2414 2421 2476 adversarios
2437 2458 2454 2486 .,

320 2524 390 2572 ut
422 2514 514 2573 vel
543 2537 732 2573 unum
768 2537 838 2574 ex
874 2514 1143 2573 Patribus
1191 2514 1283 2574 vel
1315 2513 1601 2593 theologis
1646 2512 1944 2572 catholicis
1986 2513 2318 2594 proferant,
2357 2510 2457 2591 qui

321 2611 706 2670 affirmaverit
727 2657 742 2682 2
769 2622 870 2670 aut
889 2610 1096 2670 saltem
1126 2610 1423 2685 innuerit,
1455 2610 1813 2668 creationem
1842 2631 1915 2669 ex
1937 2608 2122 2668 nihilo
2147 2596 2458 2686 Scripturae

322 2706 932 2788 auctoritatevprobari
952 2729 1074 2765 non
1106 2728 1298 2788 posse.
2119 2785 2121 2787 .

411 2805 547 2863 157.
599 2803 688 2862 Ad
718 2804 827 2878 5¹¹¹,
871 2805 1026 2862 Esto.
1071 2805 1146 2862 At
1172 2803 1323 2861 irriti
1360 2814 1502 2860 sunt
1535 2823 1741 2860 omnes
1775 2801 1942 2882 impii
1970 2800 2132 2858 istius
2161 2798 2460 2878 scriptoris

325 2911 567 2960 conatus
597 2898 672 2958 ad
696 2900 1157 2982 [impugnandos
1189 2899 1541 2959 Manichaeos
1559 2909 1619 2958 et
1638 2895 2006 2969 incredulos;
2036 2893 2278 2975 singulis
2303 2894 2462 2952 enim

323 2997 444 3055 fere
473 2996 907 3077 Scripturarum
943 2995 1171 3077 paginis
1211 2994 1520 3054 refellitur.
1565 2995 1767 3075 Ipsum
1810 3003 2090 3074 praeterea
2122 2992 2156 3049 J
2163 2990 2463 3049 udaeorum

323 3092 666 3151 institutum
693 3091 768 3151 de
794 3086 1252 3151 sanctificatione
1279 3089 1519 3150 sabbati
1550 3134 1565 3163 a
1598 3100 1776 3170 atque
1811 3110 1948 3146 usus
1968 3134 1982 3162 a
2016 3086 2116 3168 qui
2150 3085 2307 3168 apud
2333 3107 2462 3144 om-

397 3314 461 3375 (1)
500 3311 718 3361 Hist.du
733 3311 949 3361 manich.
970 3322 1220 3376 tom.11‚p.
1246 3306 1356 3359 182.
1442 3319 1559 3376 quot
1596 3307 1946 3374 Scripturarum
1980 3308 2259 3355 testimoniis
2289 3305 2467 3353 Tertul-

397 3397 462 3459 (ᾖ)
501 3395 624 3443 Huic
658 3394 907 3460 Sapientiae
937 3395 1040 3442 loco
1065 3394 1358 3458 explanando
1441 3393 1595 3440 lianus
1628 3393 1807 3440 evincat
1837 3391 2130 3450 creationem
2166 3390 2371 3436 materiae
2411 3405 2466 3435 ex

329 3479 615 3538 conferunt,
658 3495 760 3544 quae
801 3478 963 3525 scribit
1002 3476 1054 3525 S.
1095 3476 1236 3524 Joan.
1270 3475 1360 3523 Da·
1444 3474 1613 3522 nihilo.
1644 3472 1921 3538 Quanquam
1958 3482 2001 3520 et
2029 3475 2184 3536 ipsum
2202 3470 2376 3518 librum
2399 3486 2467 3516 or-

330 3579 478 3610 masc.
507 3560 589 3609 De
610 3559 709 3625 fide
736 3559 920 3609 orthod.
953 3558 1040 3608 lib.
1073 3576 1110 3607 11
1133 3597 1146 3620 ‚
1171 3576 1278 3623 cap.
1302 3556 1355 3617 5,
1443 3559 1568 3606 ditur
1585 3555 1645 3604 ab
1674 3564 1949 3620 argumento
1976 3554 2332 3620 praescriptionis
2356 3550 2467 3597 fidei

332 3644 447 3692 edit.
484 3643 548 3692 Le
573 3642 744 3709 Quien.
1445 3637 1686 3688 catholicae
1735 3637 1954 3686 adversus
1996 3645 2232 3686 recentem
2280 3632 2469 3682 Hermo-

402 3724 465 3789 (3)
503 3725 604 3775 Csr.
638 3743 740 3791 cap.
778 3722 838 3773 18
857 3736 901 3774 et
930 3742 1062 3791 seqq.
1096 3734 1140 3773 et
1157 3723 1359 3789 patebit,
1449 3724 1578 3787 genis
1606 3721 1840 3768 haeresim.
