2580 4152
346 156 458 216 188
998 180 1196 216 TRACT.
1243 182 1311 216 DE
1356 182 1461 218 nno
1504 183 1817 221 GREATORE.

341 320 616 398 confiteor
637 319 750 398 (1).
785 318 1134 400 Respondeo
1166 331 1450 401 praeterea
1483 343 1618 382 cum
1648 324 1855 384 eodem
1881 326 1941 382 S.
1979 327 2229 384 Doctore
2261 348 2272 382 :
2310 327 2472 404 Quia

340 427 397 475 et
427 417 498 474 de
518 425 802 494 peccante
829 417 1027 473 multa
1055 417 1209 475 bona
1228 419 1431 495 faeere
1449 429 1722 497 poterat,
1749 422 2046 479 ordinans
2079 443 2218 479 eum
2261 442 2475 480 seeun-

340 511 491 569 dum
532 509 918 578 moderamen
933 514 1201 588 justitiae
1227 534 1390 579 επακ
1429 524 1485 571 et
1520 518 1672 592 quia
1715 516 1877 574 nihil
1902 518 2108 575 oberat
2133 518 2254 576 Deo
2269 538 2474 595 peeca-

341 617 472 663 tum
495 608 626 682 ejus
653 629 670 678 ς
701 615 756 663 et
791 609 913 664 sive
940 628 1062 665 non
1082 618 1397 687 peccaret„
1431 631 1591 668 mors
1621 611 1796 668 nulla
1817 621 1979 684 esset,
2007 616 2127 670 sive
2150 616 2300 690 quia
2325 633 2476 691 pee-

295 746 300 753 .
341 703 504 759 eavit
524 745 540 773 ,
567 701 687 758 alii
716 706 990 761 mortales
1015 703 1090 761 de
1116 707 1246 782 ejus
1266 715 1509 782 peccato
1539 710 1959 786 eorrzyantur.
1976 701 2171 765 'Nihil
2198 712 2363 766 enim
2388 712 2478 766 sie

340 807 573 854 revocat
608 797 876 856 homines
915 820 956 856 a
987 810 1256 877 peceato7
1297 803 1801 879 quemadmodum
1842 806 2223 862 imminentis
2264 809 2476 864 mortis

340 896 614 971 cogitatio
640 893 752 972 (2).
788 892 892 952 His
927 893 1081 956 addo
1111 894 1383 954 eamdem
1421 896 1956 978 expostulationem
2004 897 2130 956 fieri
2161 919 2330 979 posse
2368 898 2475 956 ad—

342 1009 544 1048 versus
574 989 1026 1070 permissionem
1068 990 1310 1052 alterius
1349 998 1774 1075 cujuscumque
1803 993 2028 1076 peccati
2061 1039 2077 1067 .,
2120 1004 2180 1052 et
2209 993 2289 1052 sic
2326 995 2474 1052 reci-

341 1083 537 1144 dimus
567 1085 633 1143 in
673 1086 1060 1167 quaestionem
1090 1087 1163 1147 de
1202 1090 1587 1170 permissione
1612 1088 1753 1148 mali
1781 1088 2018 1148 moralis
2037 1134 2053 1163 .,
2082 1087 2155 1148 de
2189 1110 2304 1170 qua
2330 1109 2474 1148 con-

343 1180 452 1240 suli
487 1193 737 1263 possunt
768 1228 783 1258 ,
822 1205 953 1264 quae
997 1206 1102 1243 suo
1144 1183 1271 1244 loco
1302 1184 1685 1245 disseruimus
1729 1184 1839 1266 (3).

425 1277 568 1336 390.
618 1278 710 1338 Ad
746 1278 852 1353 311¹7
876 1279 1223 1362 Respondeo
1246 1294 1516 1341 nostrum
1549 1303 1672 1341 non
1697 1303 1822 1341 esse
1843 1280 2132 1359 judicium
2160 1280 2280 1339 fere
2301 1327 2316 1356 ‚
2345 1291 2478 1338 uter

343 1373 576 1452 gravius
612 1375 975 1456 peccaverit,
1011 1376 1197 1435 Adam
1239 1399 1316 1437 ne
1354 1376 1570 1436 scilicet
1616 1399 1693 1436 an
1727 1399 1875 1436 uxor
1918 1382 2040 1455 ejus
2077 1423 2092 1451 7
2143 1399 2326 1458 quum
2366 1375 2477 1434 hoe

344 1467 452 1527 soli
477 1468 743 1527 cordium
769 1470 1091 1553 inspectori
1113 1474 1233 1531 Deo
1267 1485 1635 1535 reservatum
1660 1473 1755 1532 sit.
1794 1475 1917 1532 Hac
1953 1472 2026 1532 de
2054 1494 2118 1531 re
2154 1472 2476 1532 consulan-

345 1575 443 1622 tur
463 1610 477 1639 ‚
518 1565 565 1623 si
597 1564 790 1647 placet
813 1611 828 1638 ,
864 1565 1252 1626 Bellarminus
1285 1568 1374 1649 (4)
1402 1579 1462 1628 et
1488 1569 1666 1628 ceteri
1705 1580 1972 1628 auctores
1989 1612 2010 1640 ‚
2037 1569 2140 1650 qui
2169 1569 2478 1650 utriusque

346 1662 655 1722 sententiae
687 1662 1194 1744 patrocinatorum
1224 1676 1612 1724 monumenta
1650 1663 2083 1746 expenderunt.

1121 1834 1123 1837 ’
1216 1844 1461 1903 CAPUT
1547 1844 1641 1901 1v.

815 2002 884 2040 DE
927 1999 1159 2041 PECCATI
1199 1992 1530 2039 'ORIGINALIS
1572 2000 2017 2039 PROPAGATIONE.

432 2186 569 2246 391.
616 2188 760 2246 Tota
792 2186 1111 2246 christiana
1141 2185 1340 2266 religio
1379 2184 1609 2244 duobus
1631 2232 1646 2261 ⁷
1688 2196 1756 2244 ut
1782 2186 1862 2244 ita
1887 2184 2079 2244 dicam
2099 2230 2114 2260 .,
2144 2181 2479 2242 cardinibus

350 2281 645 2358 volvitur,
681 2283 903 2365 peccati
944 2304 1161 2365 nempe
1211 2281 1510 2363 originalis
1548 2282 1611 2340 in
1648 2303 1853 2341 omnes
1894 2280 2165 2340 homines
2190 2301 2479 2362 propaga-

348 2378 531 2452 tione7
563 2389 621 2438 et
639 2379 818 2437 totius
841 2378 1090 2437 humani
1112 2379 1343 2458 generis
1368 2399 1475 2460 per
1495 2377 1794 2437 Christum
1818 2376 2258 2458 redemptioneg
2285 2373 2480 2453 magni

349 2485 662 2556 propterea
698 2475 981 2550 interest7
1027 2474 1200 2553 hujus
1235 2474 1372 2534 fidei
1401 2473 1687 2554 dogmatis
1728 2473 2011 2534 vindicias
2037 2473 2328 2555 suscipere
2370 2466 2476 2526 ad-

349 2592 552 2630 versus
579 2572 891 2631 acerrimos
924 2571 1122 2631 hostes
1159 2583 1291 2630 tum
1317 2582 1567 2646 vetereS‚
1616 2582 1743 2630 tum
1769 2570 2155 2642 recentioreS,
2198 2567 2299 2648 qui
2332 2562 2478 2622 illud

351 2678 616 2728 evertere
641 2668 836 2726 conati
872 2679 1031 2726 sunt.

433 2762 574 2822 392.
625 2763 919 2844 Pelagiani
967 2764 1236 2823 omnium
1286 2763 1466 2845 primi
1504 2761 1804 2843 originalis
1844 2759 2066 2843 peccati
2105 2756 2480 2816 existentiam

351 2869 410 2918 et
444 2860 932 2941 propagationem
955 2859 1147 2919 adorti
1184 2870 1343 2918 sunt.
1379 2859 1671 2917 Sociniani
1694 2867 1827 2939 post
1855 2854 2129 2915 obscuros
2161 2851 2479 2912 nonnullos

352 2953 493 3014 alios
531 2954 834 3014 haereticos
859 2955 1021 3015 idem
1044 2954 1270 3015 bellum
1299 2954 1579 3015 adversus
1612 2951 1957 3012 catholicam
1989 2949 2143 3009 hane
2169 2948 2480 3009 veritatem

351 3051 777 3111 instaurarunt.
832 3054 1228 3111 Protestantes
1284 3050 1641 3109 recentiores
1686 3047 1806 3128 fere
1854 3067 2059 3106 omnes
2112 3043 2272 3105 idem
2321 3065 2483 3103 error

353 3146 606 3219 invasit,
644 3145 790 3206 adeo
825 3158 890 3205 ut
930 3147 993 3204 in
1035 3145 1341 3205 nonnullis
1396 3136 1833 3227 provinciis‘de
1872 3142 1983 3201 hoc
2025 3140 2269 3201 articulo
2301 3142 2485 3199 etiam

354 3239 655 3324 disputare
681 3243 746 3301 in
785 3243 1044 3324 ipsorum
1087 3242 1299 3302 scholis
1345 3243 1596 3303 vetitum
1623 3241 1698 3299 sit
1728 3239 1838 3320 (5).
1872 3239 2160 3299 Neoterici
2192 3236 2390 3296 biblici
2417 3255 2485 3293 ac

424 3450 486 3512 (1)
515 3448 596 3497 De
618 3446 743 3504 Gen.
774 3449 839 3496 ad
867 3449 959 3497 litt.
995 3450 1086 3498 lib.
1106 3468 1150 3497 xx
1174 3488 1186 3509 ‚
1210 3466 1311 3514 cap.
1331 3447 1382 3512 4.
1469 3466 1572 3513 cap.
1608 3464 1644 3493 11
1668 3483 1681 3504 ,
1717 3464 1850 3510 prop.
1878 3462 1950 3493 m.

423 3533 488 3595 (⁶2)
527 3532 638 3581 Lib.
698 3534 772 3580 De
812 3549 925 3596 qen.
975 3541 1100 3581 cont.
1155 3531 1375 3581 manich.
1538 3529 1601 3595 (lo)
1641 3528 1721 3576 De
1741 3530 2052 3591 a212i33.9rat.
2073 3534 2117 3573 et
2138 3525 2480 3589 statupeccati‚

356 3633 458 3679 cap.
491 3631 660 3663 xxvm.
1466 3614 1551 3662 lib.
1585 3630 1637 3659 ιιι
1659 3650 1670 3670 ‚
1711 3628 1813 3675 cap.
1849 3627 1918 3657 lx.

426 3697 495 3761 (3)
542 3699 591 3746 Τ
590 3708 709 3748 racc.
740 3697 817 3747 De
837 3697 944 3746 Deo
971 3700 1127 3763 ejusq.
1158 3697 1379 3747 attribut.
1535 3695 1605 3761 (5)
1641 3694 1739 3743 Csr.
1779 3709 1879 3760 quae
1919 3693 2159 3740 attulimus
2200 3692 2250 3738 in
2291 3698 2494 3737 tractatu·
