<?xml version="1.0" encoding="UTF-8"?>
<!DOCTYPE html PUBLIC "-//W3C//DTD XHTML 1.0 Transitional//EN"
    "http://www.w3.org/TR/xhtml1/DTD/xhtml1-transitional.dtd">
<html xmlns="http://www.w3.org/1999/xhtml" xml:lang="en" lang="en">
 <head>
  <title>
</title>
<meta http-equiv="Content-Type" content="text/html;charset=utf-8" />
  <meta name='ocr-system' content='tesseract 3.04.00' />
  <meta name='ocr-capabilities' content='ocr_page ocr_carea ocr_par ocr_line ocrx_word'/>
</head>
<body>
  <div class='ocr_page' id='page_1' title='image "a603693803perruoft_0065.png"; bbox 0 0 2580 4152; ppageno 0'>
   <div class='ocr_carea' id='block_1_1' title="bbox 121 278 2260 1281">
    <p class='ocr_par' dir='ltr' id='par_1_1' title="bbox 297 278 2224 357">
     <span class='ocr_line' id='line_1_1' title="bbox 297 278 2224 357; baseline -0.004 -14"><span class='ocrx_word' id='word_1_1' title='bbox 297 308 450 345; x_wconf 81' lang='lat' dir='ltr'><strong>PART.</strong></span> <span class='ocrx_word' id='word_1_2' title='bbox 479 309 516 343; x_wconf 93' lang='lat'><strong>1.</strong></span> <span class='ocrx_word' id='word_1_3' title='bbox 546 307 668 343; x_wconf 71' lang='lat' dir='ltr'><strong>cu».</strong></span> <span class='ocrx_word' id='word_1_4' title='bbox 699 305 757 355; x_wconf 81' lang='lat' dir='ltr'><strong>v.</strong></span> <span class='ocrx_word' id='word_1_5' title='bbox 791 304 859 340; x_wconf 72' lang='grc'><strong>1111</strong></span> <span class='ocrx_word' id='word_1_6' title='bbox 890 302 1177 340; x_wconf 64' lang='lat' dir='ltr'><strong>ammomum</strong></span> <span class='ocrx_word' id='word_1_7' title='bbox 1205 302 1320 340; x_wconf 75' lang='lat' dir='ltr'><strong>cum</strong></span> <span class='ocrx_word' id='word_1_8' title='bbox 1346 300 1650 338; x_wconf 77' lang='lat' dir='ltr'><strong>nommnus</strong></span> <span class='ocrx_word' id='word_1_9' title='bbox 1679 299 2018 336; x_wconf 64' lang='lat' dir='ltr'><strong>commemo.</strong></span> <span class='ocrx_word' id='word_1_10' title='bbox 2147 278 2224 357; x_wconf 81' lang='lat'><strong>57:</strong></span> 
     </span>
    </p>

    <p class='ocr_par' dir='ltr' id='par_1_2' title="bbox 121 439 2260 1281">
     <span class='ocr_line' id='line_1_2' title="bbox 213 439 2224 525; baseline -0.005 -19"><span class='ocrx_word' id='word_1_11' title='bbox 213 450 345 506; x_wconf 72' lang='lat'><strong>122.</strong></span> <span class='ocrx_word' id='word_1_12' title='bbox 392 447 731 506; x_wconf 89' lang='lat' dir='ltr'><strong>Communis</strong></span> <span class='ocrx_word' id='word_1_13' title='bbox 746 458 944 505; x_wconf 89' lang='lat' dir='ltr'><strong>tamen</strong></span> <span class='ocrx_word' id='word_1_14' title='bbox 968 446 1254 504; x_wconf 82' lang='lat' dir='ltr'><strong>sententia</strong></span> <span class='ocrx_word' id='word_1_15' title='bbox 1269 465 1580 525; x_wconf 74' lang='lat' dir='ltr'><strong>quaeque,</strong></span> <span class='ocrx_word' id='word_1_16' title='bbox 1609 441 1877 524; x_wconf 86' lang='lat' dir='ltr'><strong>spectatis</strong></span> <span class='ocrx_word' id='word_1_17' title='bbox 1903 440 2082 521; x_wconf 91' lang='lat' dir='ltr'><strong>ipsius</strong></span> <span class='ocrx_word' id='word_1_18' title='bbox 2098 439 2224 497; x_wconf 90' lang='lat' dir='ltr'><strong>fun·</strong></span> 
     </span>
     <span class='ocr_line' id='line_1_3' title="bbox 126 533 2260 620; baseline -0.005 -19"><span class='ocrx_word' id='word_1_19' title='bbox 126 542 416 601; x_wconf 89' lang='lat' dir='ltr'><strong>damentis</strong></span> <span class='ocrx_word' id='word_1_20' title='bbox 438 587 455 617; x_wconf 88' lang='lat'>‚</span> <span class='ocrx_word' id='word_1_21' title='bbox 487 553 642 600; x_wconf 87' lang='lat' dir='ltr'><strong>certa</strong></span> <span class='ocrx_word' id='word_1_22' title='bbox 676 540 944 615; x_wconf 85' lang='lat' dir='ltr'><strong>videtur</strong></span> <span class='ocrx_word' id='word_1_23' title='bbox 973 540 1053 598; x_wconf 88' lang='lat' dir='ltr'><strong>ita</strong></span> <span class='ocrx_word' id='word_1_24' title='bbox 1076 551 1142 597; x_wconf 87' lang='lat' dir='ltr'><strong>ut</strong></span> <span class='ocrx_word' id='word_1_25' title='bbox 1166 538 1382 620; x_wconf 82' lang='lat' dir='ltr'>absque</span> <span class='ocrx_word' id='word_1_26' title='bbox 1409 539 1599 619; x_wconf 89' lang='lat' dir='ltr'><strong>aliqua</strong></span> <span class='ocrx_word' id='word_1_27' title='bbox 1632 535 1968 596; x_wconf 84' lang='lat' dir='ltr'><strong>temeritatis</strong></span> <span class='ocrx_word' id='word_1_28' title='bbox 2000 545 2139 592; x_wconf 88' lang='lat' dir='ltr'><strong>nota</strong></span> <span class='ocrx_word' id='word_1_29' title='bbox 2160 533 2225 591; x_wconf 90' lang='lat' dir='ltr'><strong>in</strong></span> <span class='ocrx_word' id='word_1_30' title='bbox 2252 538 2260 547; x_wconf 76' lang='grc'><em>“</em></span> 
     </span>
     <span class='ocr_line' id='line_1_4' title="bbox 125 628 2222 715; baseline -0.005 -21"><span class='ocrx_word' id='word_1_31' title='bbox 125 636 368 695; x_wconf 89' lang='lat' dir='ltr'><strong>dubium</strong></span> <span class='ocrx_word' id='word_1_32' title='bbox 393 637 648 696; x_wconf 88' lang='lat' dir='ltr'><strong>revocari</strong></span> <span class='ocrx_word' id='word_1_33' title='bbox 669 646 944 715; x_wconf 83' lang='lat' dir='ltr'>nequeat</span> <span class='ocrx_word' id='word_1_34' title='bbox 971 634 1138 692; x_wconf 89' lang='lat' dir='ltr'><strong>docet</strong></span> <span class='ocrx_word' id='word_1_35' title='bbox 1163 633 1335 693; x_wconf 89' lang='lat' dir='ltr'><strong>talem</strong></span> <span class='ocrx_word' id='word_1_36' title='bbox 1350 630 1813 692; x_wconf 86' lang='lat' dir='ltr'><strong>daricommercii</strong></span> <span class='ocrx_word' id='word_1_37' title='bbox 1831 628 2222 701; x_wconf 70' lang='lat' dir='ltr'><strong>existentiam,</strong></span> 
     </span>
     <span class='ocr_line' id='line_1_5' title="bbox 127 720 2259 812; baseline -0.005 -23"><span class='ocrx_word' id='word_1_38' title='bbox 127 752 255 811; x_wconf 88' lang='lat' dir='ltr'><strong>quae</strong></span> <span class='ocrx_word' id='word_1_39' title='bbox 299 732 522 789; x_wconf 75' lang='lat' dir='ltr'><strong>nitatur</strong></span> <span class='ocrx_word' id='word_1_40' title='bbox 565 742 734 812; x_wconf 85' lang='lat' dir='ltr'><strong>pacto</strong></span> <span class='ocrx_word' id='word_1_41' title='bbox 782 731 903 790; x_wconf 86' lang='lat' dir='ltr'><strong>sive</strong></span> <span class='ocrx_word' id='word_1_42' title='bbox 949 750 1220 810; x_wconf 82' lang='lat' dir='ltr'><strong>expresso</strong></span> <span class='ocrx_word' id='word_1_43' title='bbox 1265 729 1387 788; x_wconf 89' lang='lat' dir='ltr'><strong>sive</strong></span> <span class='ocrx_word' id='word_1_44' title='bbox 1424 727 1596 785; x_wconf 88' lang='lat' dir='ltr'><strong>tacito</strong></span> <span class='ocrx_word' id='word_1_45' title='bbox 1640 747 1773 784; x_wconf 92' lang='lat' dir='ltr'><strong>cum</strong></span> <span class='ocrx_word' id='word_1_46' title='bbox 1811 723 2077 783; x_wconf 84' lang='lat' dir='ltr'><strong>daemone</strong></span> <span class='ocrx_word' id='word_1_47' title='bbox 2110 720 2259 801; x_wconf 62' lang='grc'><strong>(1).,</strong></span> 
     </span>
     <span class='ocr_line' id='line_1_6' title="bbox 126 816 2222 906; baseline -0.005 -22"><span class='ocrx_word' id='word_1_48' title='bbox 126 825 396 884; x_wconf 89' lang='lat' dir='ltr'><strong>Ceterum</strong></span> <span class='ocrx_word' id='word_1_49' title='bbox 437 837 752 906; x_wconf 83' lang='lat' dir='ltr'>antequam</span> <span class='ocrx_word' id='word_1_50' title='bbox 805 824 976 902; x_wconf 89' lang='lat' dir='ltr'><strong>hujus</strong></span> <span class='ocrx_word' id='word_1_51' title='bbox 1020 824 1323 882; x_wconf 81' lang='lat' dir='ltr'><strong>sententiae</strong></span> <span class='ocrx_word' id='word_1_52' title='bbox 1373 821 1754 880; x_wconf 86' lang='lat' dir='ltr'><strong>fundamenta</strong></span> <span class='ocrx_word' id='word_1_53' title='bbox 1794 816 2177 889; x_wconf 67' lang='lat' dir='ltr'><strong>exhibeamus</strong></span> <span class='ocrx_word' id='word_1_54' title='bbox 2206 860 2222 888; x_wconf 85' lang='lat'><strong>.,</strong></span> 
     </span>
     <span class='ocr_line' id='line_1_7' title="bbox 122 910 2221 995; baseline -0.004 -18"><span class='ocrx_word' id='word_1_55' title='bbox 122 920 449 978; x_wconf 88' lang='lat' dir='ltr'><strong>notandum</strong></span> <span class='ocrx_word' id='word_1_56' title='bbox 472 933 559 979; x_wconf 90' lang='lat' dir='ltr'><strong>est</strong></span> <span class='ocrx_word' id='word_1_57' title='bbox 583 943 687 978; x_wconf 92' lang='lat' dir='ltr'><strong>nos</strong></span> <span class='ocrx_word' id='word_1_58' title='bbox 713 941 833 976; x_wconf 89' lang='lat' dir='ltr'><strong>non</strong></span> <span class='ocrx_word' id='word_1_59' title='bbox 858 917 1168 977; x_wconf 82' lang='lat' dir='ltr'><strong>defendere</strong></span> <span class='ocrx_word' id='word_1_60' title='bbox 1188 929 1379 976; x_wconf 77' lang='lat' dir='ltr'><strong>artem</strong></span> <span class='ocrx_word' id='word_1_61' title='bbox 1401 922 1699 995; x_wconf 62' lang='lat' dir='ltr'><strong>magicam</strong></span> <span class='ocrx_word' id='word_1_62' title='bbox 1724 913 1958 995; x_wconf 89' lang='lat' dir='ltr'><strong>proprie</strong></span> <span class='ocrx_word' id='word_1_63' title='bbox 1984 910 2221 980; x_wconf 58' lang='lat' dir='ltr'><strong>dictam,</strong></span> 
     </span>
     <span class='ocr_line' id='line_1_8' title="bbox 121 1003 2222 1093; baseline -0.005 -19"><span class='ocrx_word' id='word_1_64' title='bbox 121 1035 230 1073; x_wconf 89' lang='lat' dir='ltr'><strong>nec</strong></span> <span class='ocrx_word' id='word_1_65' title='bbox 271 1035 606 1093; x_wconf 82' lang='lat' dir='ltr'><strong>congressus</strong></span> <span class='ocrx_word' id='word_1_66' title='bbox 639 1013 833 1073; x_wconf 85' lang='lat' dir='ltr'><strong>Sabati</strong></span> <span class='ocrx_word' id='word_1_67' title='bbox 885 1034 1017 1071; x_wconf 90' lang='lat' dir='ltr'><strong>cum</strong></span> <span class='ocrx_word' id='word_1_68' title='bbox 1062 1013 1246 1070; x_wconf 85' lang='lat' dir='ltr'><strong>Diana</strong></span> <span class='ocrx_word' id='word_1_69' title='bbox 1290 1015 1596 1091; x_wconf 88' lang='lat' dir='ltr'><strong>(quorum</strong></span> <span class='ocrx_word' id='word_1_70' title='bbox 1631 1008 1773 1067; x_wconf 88' lang='lat' dir='ltr'><strong>fides</strong></span> <span class='ocrx_word' id='word_1_71' title='bbox 1825 1029 1856 1066; x_wconf 91' lang='lat' dir='ltr'><strong>a</strong></span> <span class='ocrx_word' id='word_1_72' title='bbox 1906 1003 2222 1066; x_wconf 87' lang='lat' dir='ltr'><strong>canonibus</strong></span> 
     </span>
     <span class='ocr_line' id='line_1_9' title="bbox 121 1101 2224 1191; baseline -0.004 -24"><span class='ocrx_word' id='word_1_73' title='bbox 121 1110 314 1189; x_wconf 90' lang='lat' dir='ltr'><strong>potius</strong></span> <span class='ocrx_word' id='word_1_74' title='bbox 336 1109 743 1191; x_wconf 68' lang='lat' dir='ltr'><strong>reprobatur),</strong></span> <span class='ocrx_word' id='word_1_75' title='bbox 784 1128 890 1166; x_wconf 89' lang='lat' dir='ltr'><strong>nee</strong></span> <span class='ocrx_word' id='word_1_76' title='bbox 913 1127 1123 1186; x_wconf 81' lang='lat' dir='ltr'><strong>negare</strong></span> <span class='ocrx_word' id='word_1_77' title='bbox 1145 1125 1251 1163; x_wconf 86' lang='lat' dir='ltr'><strong>nos</strong></span> <span class='ocrx_word' id='word_1_78' title='bbox 1289 1103 1569 1185; x_wconf 87' lang='lat' dir='ltr'><strong>plurimas</strong></span> <span class='ocrx_word' id='word_1_79' title='bbox 1605 1102 1715 1160; x_wconf 89' lang='lat' dir='ltr'><strong>hac</strong></span> <span class='ocrx_word' id='word_1_80' title='bbox 1748 1102 1810 1159; x_wconf 87' lang='lat' dir='ltr'><strong>in</strong></span> <span class='ocrx_word' id='word_1_81' title='bbox 1838 1123 1900 1160; x_wconf 89' lang='lat' dir='ltr'><strong>re</strong></span> <span class='ocrx_word' id='word_1_82' title='bbox 1926 1101 2224 1159; x_wconf 84' lang='lat' dir='ltr'><strong>illusiones</strong></span> 
     </span>
     <span class='ocr_line' id='line_1_10' title="bbox 121 1194 2227 1281; baseline -0.003 -22"><span class='ocrx_word' id='word_1_83' title='bbox 121 1203 294 1262; x_wconf 87' lang='lat' dir='ltr'><strong>fuisse</strong></span> <span class='ocrx_word' id='word_1_84' title='bbox 312 1249 326 1277; x_wconf 83' lang='lat'><strong>·.</strong></span> <span class='ocrx_word' id='word_1_85' title='bbox 358 1204 475 1262; x_wconf 92' lang='lat' dir='ltr'><strong>imo</strong></span> <span class='ocrx_word' id='word_1_86' title='bbox 508 1215 572 1261; x_wconf 87' lang='lat' dir='ltr'><strong>ut</strong></span> <span class='ocrx_word' id='word_1_87' title='bbox 595 1204 830 1262; x_wconf 77' lang='lat' dir='ltr'><strong>noxiam</strong></span> <span class='ocrx_word' id='word_1_88' title='bbox 852 1199 1162 1281; x_wconf 89' lang='lat' dir='ltr'><strong>reprobare</strong></span> <span class='ocrx_word' id='word_1_89' title='bbox 1179 1198 1422 1256; x_wconf 89' lang='lat' dir='ltr'><strong>nimiam</strong></span> <span class='ocrx_word' id='word_1_90' title='bbox 1450 1198 1511 1255; x_wconf 94' lang='lat' dir='ltr'><strong>in</strong></span> <span class='ocrx_word' id='word_1_91' title='bbox 1525 1196 1615 1255; x_wconf 89' lang='lat' dir='ltr'><strong>his</strong></span> <span class='ocrx_word' id='word_1_92' title='bbox 1638 1194 2061 1256; x_wconf 82' lang='lat' dir='ltr'><strong>credulitatem.</strong></span> <span class='ocrx_word' id='word_1_93' title='bbox 2090 1196 2126 1253; x_wconf 89' lang='lat' dir='ltr'><strong>J</strong></span> <span class='ocrx_word' id='word_1_94' title='bbox 2130 1216 2227 1252; x_wconf 89' lang='lat' dir='ltr'><strong>am</strong></span> 
     </span>
    </p>
   </div>
   <div class='ocr_carea' id='block_1_2' title="bbox 123 1289 2226 1374">
    <p class='ocr_par' dir='ltr' id='par_1_3' title="bbox 123 1289 2226 1374">
     <span class='ocr_line' id='line_1_11' title="bbox 123 1289 2226 1374; baseline -0.005 -18"><span class='ocrx_word' id='word_1_95' title='bbox 123 1317 262 1356; x_wconf 87' lang='lat' dir='ltr'><strong>vero</strong></span> <span class='ocrx_word' id='word_1_96' title='bbox 285 1297 630 1354; x_wconf 82' lang='lat' dir='ltr'><strong>indubium</strong></span> <span class='ocrx_word' id='word_1_97' title='bbox 662 1295 856 1356; x_wconf 83' lang='lat' dir='ltr'><strong>vocari</strong></span> <span class='ocrx_word' id='word_1_98' title='bbox 893 1315 1013 1351; x_wconf 92' lang='lat' dir='ltr'><strong>non</strong></span> <span class='ocrx_word' id='word_1_99' title='bbox 1056 1314 1260 1374; x_wconf 65' lang='lat' dir='ltr'><strong>posse7</strong></span> <span class='ocrx_word' id='word_1_100' title='bbox 1312 1293 1455 1373; x_wconf 88' lang='lat' dir='ltr'><strong>quin</strong></span> <span class='ocrx_word' id='word_1_101' title='bbox 1494 1292 1573 1350; x_wconf 90' lang='lat' dir='ltr'><strong>sic</strong></span> <span class='ocrx_word' id='word_1_102' title='bbox 1612 1290 1889 1372; x_wconf 81' lang='lat' dir='ltr'><strong>expositae</strong></span> <span class='ocrx_word' id='word_1_103' title='bbox 1929 1289 2226 1348; x_wconf 90' lang='lat' dir='ltr'><strong>communi</strong></span> 
     </span>
    </p>
   </div>
   <div class='ocr_carea' id='block_1_3' title="bbox 118 1386 2227 1662">
    <p class='ocr_par' dir='ltr' id='par_1_4' title="bbox 118 1386 2227 1662">
     <span class='ocr_line' id='line_1_12' title="bbox 123 1386 1815 1462; baseline -0.003 -14"><span class='ocrx_word' id='word_1_104' title='bbox 123 1392 425 1450; x_wconf 72' lang='lat' dir='ltr'><strong>sententiae</strong></span> <span class='ocrx_word' id='word_1_105' title='bbox 466 1390 646 1448; x_wconf 90' lang='lat' dir='ltr'><strong>solida</strong></span> <span class='ocrx_word' id='word_1_106' title='bbox 685 1388 1066 1448; x_wconf 87' lang='lat' dir='ltr'><strong>fundamenta</strong></span> <span class='ocrx_word' id='word_1_107' title='bbox 1095 1388 1211 1446; x_wconf 88' lang='lat' dir='ltr'><strong>sint</strong></span> <span class='ocrx_word' id='word_1_108' title='bbox 1232 1433 1248 1462; x_wconf 70' lang='lat'><em>7</em></span> <span class='ocrx_word' id='word_1_109' title='bbox 1277 1386 1443 1447; x_wconf 85' lang='lat' dir='ltr'><strong>facile</strong></span> <span class='ocrx_word' id='word_1_110' title='bbox 1473 1387 1815 1447; x_wconf 76' lang='lat' dir='ltr'><strong>evincimUS.</strong></span> 
     </span>
     <span class='ocr_line' id='line_1_13' title="bbox 205 1479 2226 1566; baseline -0.002 -25"><span class='ocrx_word' id='word_1_111' title='bbox 205 1485 338 1543; x_wconf 77' lang='lat'><strong>123.</strong></span> <span class='ocrx_word' id='word_1_112' title='bbox 387 1486 615 1544; x_wconf 88' lang='lat' dir='ltr'><strong>Etenim</strong></span> <span class='ocrx_word' id='word_1_113' title='bbox 651 1487 762 1566; x_wconf 87' lang='lat' dir='ltr'><strong>ipsi</strong></span> <span class='ocrx_word' id='word_1_114' title='bbox 812 1485 1012 1545; x_wconf 86' lang='lat' dir='ltr'><strong>favent</strong></span> <span class='ocrx_word' id='word_1_115' title='bbox 1057 1494 1400 1564; x_wconf 83' lang='lat' dir='ltr'><strong>argumenta</strong></span> <span class='ocrx_word' id='word_1_116' title='bbox 1448 1482 1763 1540; x_wconf 87' lang='lat' dir='ltr'><strong>intrinseca</strong></span> <span class='ocrx_word' id='word_1_117' title='bbox 1806 1491 1865 1540; x_wconf 86' lang='lat' dir='ltr'><strong>et</strong></span> <span class='ocrx_word' id='word_1_118' title='bbox 1904 1479 2226 1539; x_wconf 84' lang='lat' dir='ltr'><strong>extrinseca</strong></span> 
     </span>
     <span class='ocr_line' id='line_1_14' title="bbox 118 1575 2227 1662; baseline -0.003 -23"><span class='ocrx_word' id='word_1_119' title='bbox 118 1578 489 1639; x_wconf 82' lang='lat' dir='ltr'><strong>validissima.</strong></span> <span class='ocrx_word' id='word_1_120' title='bbox 540 1581 619 1639; x_wconf 90' lang='lat' dir='ltr'><strong>Ac</strong></span> <span class='ocrx_word' id='word_1_121' title='bbox 654 1580 845 1662; x_wconf 86' lang='lat' dir='ltr'><strong>primo</strong></span> <span class='ocrx_word' id='word_1_122' title='bbox 887 1578 1125 1661; x_wconf 87' lang='lat' dir='ltr'><strong>quidem</strong></span> <span class='ocrx_word' id='word_1_123' title='bbox 1175 1588 1517 1657; x_wconf 80' lang='lat' dir='ltr'><strong>argumenta</strong></span> <span class='ocrx_word' id='word_1_124' title='bbox 1564 1577 1877 1635; x_wconf 88' lang='lat' dir='ltr'><strong>intrinseca</strong></span> <span class='ocrx_word' id='word_1_125' title='bbox 1919 1585 2061 1634; x_wconf 86' lang='lat' dir='ltr'><strong>sunt.</strong></span> <span class='ocrx_word' id='word_1_126' title='bbox 2103 1575 2227 1655; x_wconf 88' lang='lat' dir='ltr'><strong>ipsa</strong></span> 
     </span>
    </p>
   </div>
   <div class='ocr_carea' id='block_1_4' title="bbox 118 1798 1125 2030">
    <p class='ocr_par' dir='ltr' id='par_1_5' title="bbox 118 1798 1125 2030">
     <span class='ocr_line' id='line_1_15' title="bbox 118 1798 1125 1867; baseline 0.002 -20"><span class='ocrx_word' id='word_1_127' title='bbox 118 1798 356 1865; x_wconf 74' lang='lat' dir='ltr'><strong>maqicam</strong></span> <span class='ocrx_word' id='word_1_128' title='bbox 390 1805 570 1867; x_wconf 78' lang='lat' dir='ltr'><strong>proprie</strong></span> <span class='ocrx_word' id='word_1_129' title='bbox 598 1803 769 1851; x_wconf 87' lang='lat' dir='ltr'><strong>dictam</strong></span> <span class='ocrx_word' id='word_1_130' title='bbox 786 1840 800 1863; x_wconf 84' lang='lat'>‚</span> <span class='ocrx_word' id='word_1_131' title='bbox 838 1812 916 1850; x_wconf 89' lang='lat' dir='ltr'><strong>aut</strong></span> <span class='ocrx_word' id='word_1_132' title='bbox 943 1810 1125 1850; x_wconf 87' lang='lat' dir='ltr'><strong>noctur-</strong></span> 
     </span>
     <span class='ocr_line' id='line_1_16' title="bbox 121 1883 1124 1948; baseline 0.002 -19"><span class='ocrx_word' id='word_1_133' title='bbox 121 1899 204 1930; x_wconf 83' lang='lat' dir='ltr'><strong>nos</strong></span> <span class='ocrx_word' id='word_1_134' title='bbox 232 1883 475 1932; x_wconf 88' lang='lat' dir='ltr'><strong>lamiarum</strong></span> <span class='ocrx_word' id='word_1_135' title='bbox 500 1900 796 1948; x_wconf 83' lang='lat' dir='ltr'><strong>congressus3</strong></span> <span class='ocrx_word' id='word_1_136' title='bbox 822 1883 899 1932; x_wconf 88' lang='lat' dir='ltr'><strong>alii</strong></span> <span class='ocrx_word' id='word_1_137' title='bbox 928 1901 1035 1933; x_wconf 87' lang='lat' dir='ltr'><strong>vero</strong></span> <span class='ocrx_word' id='word_1_138' title='bbox 1057 1884 1124 1931; x_wconf 91' lang='lat' dir='ltr'><strong>ul·</strong></span> 
     </span>
     <span class='ocr_line' id='line_1_17' title="bbox 121 1965 667 2030; baseline 0.005 -19"><span class='ocrx_word' id='word_1_139' title='bbox 121 1965 265 2012; x_wconf 85' lang='lat' dir='ltr'><strong>terius</strong></span> <span class='ocrx_word' id='word_1_140' title='bbox 294 1965 511 2030; x_wconf 81' lang='lat' dir='ltr'><strong>progressi</strong></span> <span class='ocrx_word' id='word_1_141' title='bbox 539 1975 667 2014; x_wconf 81' lang='lat' dir='ltr'><strong>sunt.</strong></span> 
     </span>
    </p>
   </div>
   <div class='ocr_carea' id='block_1_5' title="bbox 189 2044 1122 2112">
    <p class='ocr_par' dir='ltr' id='par_1_6' title="bbox 189 2044 1122 2112">
     <span class='ocr_line' id='line_1_18' title="bbox 189 2044 1122 2112; baseline 0.005 -22"><span class='ocrx_word' id='word_1_142' title='bbox 189 2044 252 2108; x_wconf 93' lang='lat' dir='ltr'><strong>(l)</strong></span> <span class='ocrx_word' id='word_1_143' title='bbox 289 2045 387 2095; x_wconf 85' lang='lat' dir='ltr'><strong>Cfr.</strong></span> <span class='ocrx_word' id='word_1_144' title='bbox 419 2047 607 2096; x_wconf 84' lang='lat' dir='ltr'><strong>Martin.</strong></span> <span class='ocrx_word' id='word_1_145' title='bbox 648 2047 803 2096; x_wconf 88' lang='lat' dir='ltr'><strong>Delrio</strong></span> <span class='ocrx_word' id='word_1_146' title='bbox 822 2083 835 2106; x_wconf 89' lang='lat'>,</span> <span class='ocrx_word' id='word_1_147' title='bbox 863 2045 1122 2112; x_wconf 78' lang='lat' dir='ltr'><strong>Disquisit.</strong></span> 
     </span>
    </p>
   </div>
   <div class='ocr_carea' id='block_1_6' title="bbox 121 2128 1129 2195">
    <p class='ocr_par' dir='ltr' id='par_1_7' title="bbox 121 2128 1129 2195">
     <span class='ocr_line' id='line_1_19' title="bbox 121 2128 1129 2195; baseline 0.005 -24"><span class='ocrx_word' id='word_1_148' title='bbox 121 2128 296 2190; x_wconf 74' lang='lat' dir='ltr'><strong>maqic.</strong></span> <span class='ocrx_word' id='word_1_149' title='bbox 324 2128 464 2176; x_wconf 84' lang='lat' dir='ltr'><strong>lib.&#39;11</strong></span> <span class='ocrx_word' id='word_1_150' title='bbox 483 2166 495 2187; x_wconf 90' lang='lat'>‚</span> <span class='ocrx_word' id='word_1_151' title='bbox 527 2148 581 2194; x_wconf 89' lang='lat' dir='ltr'><strong>q.</strong></span> <span class='ocrx_word' id='word_1_152' title='bbox 602 2147 618 2176; x_wconf 87' lang='lat'>1</span> <span class='ocrx_word' id='word_1_153' title='bbox 638 2140 681 2178; x_wconf 88' lang='lat' dir='ltr'><strong>et</strong></span> <span class='ocrx_word' id='word_1_154' title='bbox 710 2147 841 2195; x_wconf 81' lang='lat' dir='ltr'><strong>seqq.</strong></span> <span class='ocrx_word' id='word_1_155' title='bbox 872 2128 1008 2194; x_wconf 82' lang='lat' dir='ltr'><strong>Quod</strong></span> <span class='ocrx_word' id='word_1_156' title='bbox 1031 2131 1129 2194; x_wconf 90' lang='lat' dir='ltr'><strong>qui-</strong></span> 
     </span>
    </p>
   </div>
   <div class='ocr_carea' id='block_1_7' title="bbox 120 2206 1125 2276">
    <p class='ocr_par' dir='ltr' id='par_1_8' title="bbox 120 2206 1125 2276">
     <span class='ocr_line' id='line_1_20' title="bbox 120 2206 1125 2276; baseline 0.005 -22"><span class='ocrx_word' id='word_1_157' title='bbox 120 2206 224 2255; x_wconf 88' lang='lat' dir='ltr'><strong>dem</strong></span> <span class='ocrx_word' id='word_1_158' title='bbox 256 2226 370 2274; x_wconf 88' lang='lat' dir='ltr'><strong>opus</strong></span> <span class='ocrx_word' id='word_1_159' title='bbox 404 2213 577 2258; x_wconf 87' lang='lat' dir='ltr'><strong>variam</strong></span> <span class='ocrx_word' id='word_1_160' title='bbox 612 2211 747 2276; x_wconf 87' lang='lat' dir='ltr'><strong>plane</strong></span> <span class='ocrx_word' id='word_1_161' title='bbox 790 2212 976 2260; x_wconf 86' lang='lat' dir='ltr'><strong>diversis</strong></span> <span class='ocrx_word' id='word_1_162' title='bbox 1013 2220 1125 2259; x_wconf 86' lang='lat' dir='ltr'><strong>tem·</strong></span> 
     </span>
    </p>
   </div>
   <div class='ocr_carea' id='block_1_8' title="bbox 45 2290 1127 2356">
    <p class='ocr_par' dir='ltr' id='par_1_9' title="bbox 45 2290 1127 2356">
     <span class='ocr_line' id='line_1_21' title="bbox 45 2290 1127 2356; baseline 0.006 -23"><span class='ocrx_word' id='word_1_163' title='bbox 45 2329 46 2332; x_wconf 71' lang='grc'>,</span> <span class='ocrx_word' id='word_1_164' title='bbox 119 2290 306 2353; x_wconf 85' lang='lat' dir='ltr'><strong>poribus</strong></span> <span class='ocrx_word' id='word_1_165' title='bbox 319 2291 459 2339; x_wconf 87' lang='lat' dir='ltr'><strong>subiit</strong></span> <span class='ocrx_word' id='word_1_166' title='bbox 470 2293 722 2341; x_wconf 81' lang='lat' dir='ltr'><strong>fortunam.</strong></span> <span class='ocrx_word' id='word_1_167' title='bbox 741 2291 895 2356; x_wconf 80' lang='lat' dir='ltr'><strong>Quum</strong></span> <span class='ocrx_word' id='word_1_168' title='bbox 910 2296 959 2341; x_wconf 91' lang='lat' dir='ltr'><strong>in</strong></span> <span class='ocrx_word' id='word_1_169' title='bbox 975 2291 1127 2341; x_wconf 86' lang='lat' dir='ltr'><strong>lucem</strong></span> 
     </span>
    </p>
   </div>
   <div class='ocr_carea' id='block_1_9' title="bbox 117 2371 1125 2764">
    <p class='ocr_par' dir='ltr' id='par_1_10' title="bbox 117 2371 1125 2764">
     <span class='ocr_line' id='line_1_22' title="bbox 119 2371 1125 2440; baseline 0.008 -24"><span class='ocrx_word' id='word_1_170' title='bbox 119 2371 323 2433; x_wconf 79' lang='lat' dir='ltr'><strong>prodiit,</strong></span> <span class='ocrx_word' id='word_1_171' title='bbox 354 2373 468 2421; x_wconf 87' lang='lat' dir='ltr'><strong>adeo</strong></span> <span class='ocrx_word' id='word_1_172' title='bbox 496 2374 583 2421; x_wconf 85' lang='lat' dir='ltr'><strong>sibi</strong></span> <span class='ocrx_word' id='word_1_173' title='bbox 610 2375 894 2423; x_wconf 82' lang='lat' dir='ltr'><strong>eruditorum</strong></span> <span class='ocrx_word' id='word_1_174' title='bbox 910 2376 1125 2440; x_wconf 82' lang='lat' dir='ltr'><strong>suffragia</strong></span> 
     </span>
     <span class='ocr_line' id='line_1_23' title="bbox 120 2452 1124 2516; baseline 0.008 -19"><span class='ocrx_word' id='word_1_175' title='bbox 120 2452 416 2512; x_wconf 86' lang='lat' dir='ltr'><strong>conciliavit,</strong></span> <span class='ocrx_word' id='word_1_176' title='bbox 457 2465 633 2503; x_wconf 87' lang='lat' dir='ltr'><strong>utnon</strong></span> <span class='ocrx_word' id='word_1_177' title='bbox 676 2457 825 2504; x_wconf 86' lang='lat' dir='ltr'><strong>solum</strong></span> <span class='ocrx_word' id='word_1_178' title='bbox 861 2457 1124 2516; x_wconf 87' lang='lat' dir='ltr'><strong>Catholici,</strong></span> 
     </span>
     <span class='ocr_line' id='line_1_24' title="bbox 119 2531 1124 2602; baseline 0.008 -24"><span class='ocrx_word' id='word_1_179' title='bbox 119 2531 199 2579; x_wconf 86' lang='lat' dir='ltr'><strong>sed</strong></span> <span class='ocrx_word' id='word_1_180' title='bbox 233 2534 317 2597; x_wconf 88' lang='lat' dir='ltr'><strong>ipsi</strong></span> <span class='ocrx_word' id='word_1_181' title='bbox 344 2534 645 2585; x_wconf 80' lang='lat' dir='ltr'><strong>protestantes</strong></span> <span class='ocrx_word' id='word_1_182' title='bbox 670 2540 823 2602; x_wconf 88' lang='lat' dir='ltr'><strong>ipsum</strong></span> <span class='ocrx_word' id='word_1_183' title='bbox 849 2539 1124 2588; x_wconf 85' lang='lat' dir='ltr'><strong>adsciverint</strong></span> 
     </span>
     <span class='ocr_line' id='line_1_25' title="bbox 117 2622 1123 2682; baseline 0.01 -22"><span class='ocrx_word' id='word_1_184' title='bbox 117 2622 341 2678; x_wconf 87' lang='lat' dir='ltr'><strong>tanquam</strong></span> <span class='ocrx_word' id='word_1_185' title='bbox 388 2634 599 2665; x_wconf 89' lang='lat' dir='ltr'><strong>normam</strong></span> <span class='ocrx_word' id='word_1_186' title='bbox 631 2635 925 2682; x_wconf 84' lang='lat' dir='ltr'><strong>processuum</strong></span> <span class='ocrx_word' id='word_1_187' title='bbox 967 2632 1123 2670; x_wconf 86' lang='lat' dir='ltr'><strong>contra</strong></span> 
     </span>
     <span class='ocr_line' id='line_1_26' title="bbox 118 2698 1119 2764; baseline 0.01 -23"><span class='ocrx_word' id='word_1_188' title='bbox 118 2710 260 2759; x_wconf 82' lang='lat' dir='ltr'><strong>sagas,</strong></span> <span class='ocrx_word' id='word_1_189' title='bbox 281 2698 343 2743; x_wconf 90' lang='lat' dir='ltr'><strong>ita</strong></span> <span class='ocrx_word' id='word_1_190' title='bbox 354 2706 404 2744; x_wconf 88' lang='lat' dir='ltr'><strong>ut</strong></span> <span class='ocrx_word' id='word_1_191' title='bbox 414 2715 564 2745; x_wconf 88' lang='lat' dir='ltr'><strong>amare</strong></span> <span class='ocrx_word' id='word_1_192' title='bbox 579 2710 936 2764; x_wconf 65' lang='lat' dir='ltr'><strong>conquereretur</strong></span> <span class='ocrx_word' id='word_1_193' title='bbox 949 2701 1119 2752; x_wconf 81' lang='lat' dir='ltr'><strong>Christ.</strong></span> 
     </span>
    </p>
   </div>
   <div class='ocr_carea' id='block_1_10' title="bbox 119 2774 1130 2846">
    <p class='ocr_par' dir='ltr' id='par_1_11' title="bbox 119 2774 1130 2846">
     <span class='ocr_line' id='line_1_27' title="bbox 119 2774 1130 2846; baseline 0.007 -23"><span class='ocrx_word' id='word_1_194' title='bbox 119 2774 391 2825; x_wconf 82' lang='lat' dir='ltr'><strong>Thomasius</strong></span> <span class='ocrx_word' id='word_1_195' title='bbox 421 2782 539 2827; x_wconf 88' lang='lat' dir='ltr'><strong>circa</strong></span> <span class='ocrx_word' id='word_1_196' title='bbox 566 2798 740 2828; x_wconf 89' lang='lat' dir='ltr'><strong>annum</strong></span> <span class='ocrx_word' id='word_1_197' title='bbox 766 2798 911 2846; x_wconf 86' lang='lat'>1712,</span> <span class='ocrx_word' id='word_1_198' title='bbox 941 2793 985 2830; x_wconf 85' lang='lat' dir='ltr'><strong>et</strong></span> <span class='ocrx_word' id='word_1_199' title='bbox 1017 2785 1130 2842; x_wconf 38' lang='lat' dir='ltr'><strong>scri-x</strong></span> 
     </span>
    </p>
   </div>
   <div class='ocr_carea' id='block_1_11' title="bbox 109 2857 1123 3810">
    <p class='ocr_par' dir='ltr' id='par_1_12' title="bbox 109 2857 1123 3810">
     <span class='ocr_line' id='line_1_28' title="bbox 118 2857 1122 2930; baseline 0.006 -25"><span class='ocrx_word' id='word_1_200' title='bbox 118 2857 226 2907; x_wconf 86' lang='lat' dir='ltr'><strong>bere</strong></span> <span class='ocrx_word' id='word_1_201' title='bbox 244 2877 339 2907; x_wconf 90' lang='lat' dir='ltr'><strong>non</strong></span> <span class='ocrx_word' id='word_1_202' title='bbox 361 2861 638 2909; x_wconf 85' lang='lat' dir='ltr'><strong>dubitaverit</strong></span> <span class='ocrx_word' id='word_1_203' title='bbox 659 2880 672 2910; x_wconf 92' lang='lat'>:</span> <span class='ocrx_word' id='word_1_204' title='bbox 702 2860 834 2910; x_wconf 79' lang='lat' dir='ltr'><strong>Pene</strong></span> <span class='ocrx_word' id='word_1_205' title='bbox 863 2880 1018 2911; x_wconf 80' lang='lat' dir='ltr'><strong>omnes</strong></span> <span class='ocrx_word' id='word_1_206' title='bbox 1030 2867 1122 2930; x_wconf 77' lang='lat' dir='ltr'><strong>ju-</strong></span> 
     </span>
     <span class='ocr_line' id='line_1_29' title="bbox 120 2939 1123 3006; baseline 0.008 -21"><span class='ocrx_word' id='word_1_207' title='bbox 120 2939 396 2989; x_wconf 78' lang='lat' dir='ltr'><strong>risconsulti</strong></span> <span class='ocrx_word' id='word_1_208' title='bbox 403 2950 715 3006; x_wconf 74' lang='lat' dir='ltr'><strong>protestantes</strong></span> <span class='ocrx_word' id='word_1_209' title='bbox 741 2943 870 2992; x_wconf 79' lang='lat' dir='ltr'><strong>hunc</strong></span> <span class='ocrx_word' id='word_1_210' title='bbox 884 2954 1123 2993; x_wconf 75' lang='lat' dir='ltr'><strong>auctorem</strong></span> 
     </span>
     <span class='ocr_line' id='line_1_30' title="bbox 120 3021 1122 3090; baseline 0.009 -23"><span class='ocrx_word' id='word_1_211' title='bbox 120 3021 377 3070; x_wconf 69' lang='lat' dir='ltr'><strong>exscribere</strong></span> <span class='ocrx_word' id='word_1_212' title='bbox 392 3023 539 3070; x_wconf 78' lang='lat' dir='ltr'><strong>solent</strong></span> <span class='ocrx_word' id='word_1_213' title='bbox 546 3042 568 3085; x_wconf 82' lang='grc'><strong>,-</strong></span> <span class='ocrx_word' id='word_1_214' title='bbox 587 3041 689 3090; x_wconf 85' lang='lat' dir='ltr'><strong>quae</strong></span> <span class='ocrx_word' id='word_1_215' title='bbox 705 3043 773 3073; x_wconf 88' lang='lat' dir='ltr'><strong>res</strong></span> <span class='ocrx_word' id='word_1_216' title='bbox 788 3029 984 3075; x_wconf 85' lang='lat' dir='ltr'><strong>maxime</strong></span> <span class='ocrx_word' id='word_1_217' title='bbox 998 3028 1122 3076; x_wconf 88' lang='lat' dir='ltr'><strong>dam-</strong></span> 
     </span>
     <span class='ocr_line' id='line_1_31' title="bbox 119 3102 1122 3172; baseline 0.009 -24"><span class='ocrx_word' id='word_1_218' title='bbox 119 3102 271 3151; x_wconf 86' lang='lat' dir='ltr'><strong>nanda</strong></span> <span class='ocrx_word' id='word_1_219' title='bbox 309 3105 377 3152; x_wconf 88' lang='lat' dir='ltr'><strong>illi</strong></span> <span class='ocrx_word' id='word_1_220' title='bbox 410 3106 590 3153; x_wconf 85' lang='lat' dir='ltr'><strong>videtur</strong></span> <span class='ocrx_word' id='word_1_221' title='bbox 611 3143 623 3166; x_wconf 85' lang='lat'>‚</span> <span class='ocrx_word' id='word_1_222' title='bbox 666 3108 792 3172; x_wconf 89' lang='lat' dir='ltr'><strong>quod</strong></span> <span class='ocrx_word' id='word_1_223' title='bbox 832 3107 988 3157; x_wconf 90' lang='lat' dir='ltr'><strong>Delrio</strong></span> <span class='ocrx_word' id='word_1_224' title='bbox 1018 3110 1122 3157; x_wconf 79' lang='lat' dir='ltr'><strong>Lu—</strong></span> 
     </span>
     <span class='ocr_line' id='line_1_32' title="bbox 120 3181 1122 3254; baseline 0.01 -26"><span class='ocrx_word' id='word_1_225' title='bbox 120 3181 304 3230; x_wconf 76' lang='lat' dir='ltr'><strong>therum</strong></span> <span class='ocrx_word' id='word_1_226' title='bbox 347 3193 392 3232; x_wconf 82' lang='lat' dir='ltr'><strong>et</strong></span> <span class='ocrx_word' id='word_1_227' title='bbox 431 3187 735 3236; x_wconf 78' lang='lat' dir='ltr'><strong>Lutheranos</strong></span> <span class='ocrx_word' id='word_1_228' title='bbox 760 3205 818 3236; x_wconf 91' lang='lat' dir='ltr'><strong>ac</strong></span> <span class='ocrx_word' id='word_1_229' title='bbox 849 3190 1122 3254; x_wconf 82' lang='lat' dir='ltr'><strong>reformatos</strong></span> 
     </span>
     <span class='ocr_line' id='line_1_33' title="bbox 118 3265 1122 3336; baseline 0.008 -25"><span class='ocrx_word' id='word_1_230' title='bbox 118 3279 228 3311; x_wconf 81' lang='lat' dir='ltr'><strong>cum</strong></span> <span class='ocrx_word' id='word_1_231' title='bbox 243 3265 541 3336; x_wconf 72' lang='lat' dir='ltr'><strong>impudentia</strong></span> <span class='ocrx_word' id='word_1_232' title='bbox 561 3278 604 3316; x_wconf 86' lang='lat' dir='ltr'><strong>et</strong></span> <span class='ocrx_word' id='word_1_233' title='bbox 622 3269 885 3318; x_wconf 79' lang='lat' dir='ltr'><strong>virulentia</strong></span> <span class='ocrx_word' id='word_1_234' title='bbox 905 3274 1122 3319; x_wconf 76' lang='lat' dir='ltr'><strong>maxima</strong></span> 
     </span>
     <span class='ocr_line' id='line_1_34' title="bbox 118 3343 1118 3417; baseline 0.013 -28"><span class='ocrx_word' id='word_1_235' title='bbox 118 3343 327 3391; x_wconf 81' lang='lat' dir='ltr'><strong>traducit</strong></span> <span class='ocrx_word' id='word_1_236' title='bbox 347 3363 360 3407; x_wconf 81' lang='lat'>3</span> <span class='ocrx_word' id='word_1_237' title='bbox 387 3349 483 3397; x_wconf 82' lang='lat' dir='ltr'><strong>vid.</strong></span> <span class='ocrx_word' id='word_1_238' title='bbox 510 3350 744 3399; x_wconf 87' lang='lat' dir='ltr'><strong>Thomasii</strong></span> <span class='ocrx_word' id='word_1_239' title='bbox 761 3369 875 3416; x_wconf 89' lang='lat' dir='ltr'><strong>opus</strong></span> <span class='ocrx_word' id='word_1_240' title='bbox 893 3354 974 3400; x_wconf 88' lang='lat' dir='ltr'><strong>De</strong></span> <span class='ocrx_word' id='word_1_241' title='bbox 995 3356 1118 3417; x_wconf 80' lang='lat' dir='ltr'><strong>oriq.</strong></span> 
     </span>
     <span class='ocr_line' id='line_1_35' title="bbox 109 3429 1119 3498; baseline 0.012 -28"><span class='ocrx_word' id='word_1_242' title='bbox 109 3441 357 3489; x_wconf 77' lang='lat' dir='ltr'><strong>processus</strong></span> <span class='ocrx_word' id='word_1_243' title='bbox 392 3429 690 3493; x_wconf 77' lang='lat' dir='ltr'><strong>inquisitorii</strong></span> <span class='ocrx_word' id='word_1_244' title='bbox 741 3442 904 3480; x_wconf 78' lang='lat' dir='ltr'><strong>contra</strong></span> <span class='ocrx_word' id='word_1_245' title='bbox 947 3450 1088 3498; x_wconf 78' lang='lat' dir='ltr'><strong>saqas</strong></span> <span class='ocrx_word' id='word_1_246' title='bbox 1105 3472 1119 3496; x_wconf 91' lang='lat'>,</span> 
     </span>
     <span class='ocr_line' id='line_1_36' title="bbox 118 3503 1120 3580; baseline 0.011 -27"><span class='ocrx_word' id='word_1_247' title='bbox 118 3503 146 3570; x_wconf 89' lang='grc'><strong>3</strong></span> <span class='ocrx_word' id='word_1_248' title='bbox 186 3504 243 3554; x_wconf 90' lang='lat'><strong>81</strong></span> <span class='ocrx_word' id='word_1_249' title='bbox 272 3542 285 3564; x_wconf 90' lang='lat'>,</span> <span class='ocrx_word' id='word_1_250' title='bbox 318 3525 404 3556; x_wconf 90' lang='lat' dir='ltr'><strong>nec</strong></span> <span class='ocrx_word' id='word_1_251' title='bbox 432 3526 528 3558; x_wconf 90' lang='lat' dir='ltr'><strong>non</strong></span> <span class='ocrx_word' id='word_1_252' title='bbox 569 3511 649 3559; x_wconf 87' lang='lat' dir='ltr'><strong>De</strong></span> <span class='ocrx_word' id='word_1_253' title='bbox 675 3515 881 3562; x_wconf 80' lang='lat' dir='ltr'><strong>crimine</strong></span> <span class='ocrx_word' id='word_1_254' title='bbox 911 3517 1085 3580; x_wconf 78' lang='lat' dir='ltr'><strong>maqiae</strong></span> <span class='ocrx_word' id='word_1_255' title='bbox 1105 3552 1120 3576; x_wconf 91' lang='lat'>‚</span> 
     </span>
     <span class='ocr_line' id='line_1_37' title="bbox 111 3583 1119 3663; baseline 0.014 -30"><span class='ocrx_word' id='word_1_256' title='bbox 111 3583 144 3651; x_wconf 95' lang='grc'><strong>3</strong></span> <span class='ocrx_word' id='word_1_257' title='bbox 161 3602 188 3633; x_wconf 88' lang='grc'><strong>2</strong></span> <span class='ocrx_word' id='word_1_258' title='bbox 200 3604 242 3651; x_wconf 84' lang='grc'><strong>1,</strong></span> <span class='ocrx_word' id='word_1_259' title='bbox 260 3586 323 3651; x_wconf 72' lang='grc'><strong>45</strong></span> <span class='ocrx_word' id='word_1_260' title='bbox 343 3627 355 3648; x_wconf 92' lang='grc'><strong><em>,</em></strong></span> <span class='ocrx_word' id='word_1_261' title='bbox 374 3587 458 3656; x_wconf 76' lang='grc'><strong>49.</strong></span> <span class='ocrx_word' id='word_1_262' title='bbox 477 3590 652 3642; x_wconf 90' lang='lat' dir='ltr'><strong>Deinde</strong></span> <span class='ocrx_word' id='word_1_263' title='bbox 664 3595 938 3644; x_wconf 86' lang='lat' dir='ltr'><strong>adversarios</strong></span> <span class='ocrx_word' id='word_1_264' title='bbox 954 3615 1119 3663; x_wconf 87' lang='lat' dir='ltr'><strong>quam-</strong></span> 
     </span>
     <span class='ocr_line' id='line_1_38' title="bbox 116 3666 1121 3730; baseline 0.014 -16"><span class='ocrx_word' id='word_1_265' title='bbox 116 3666 269 3730; x_wconf 87' lang='lat' dir='ltr'><strong>plures</strong></span> <span class='ocrx_word' id='word_1_266' title='bbox 298 3679 398 3718; x_wconf 86' lang='lat' dir='ltr'><strong>tum</strong></span> <span class='ocrx_word' id='word_1_267' title='bbox 427 3675 547 3720; x_wconf 86' lang='lat' dir='ltr'><strong>inter</strong></span> <span class='ocrx_word' id='word_1_268' title='bbox 574 3672 831 3725; x_wconf 81' lang='lat' dir='ltr'><strong>Catholicos</strong></span> <span class='ocrx_word' id='word_1_269' title='bbox 861 3687 962 3726; x_wconf 89' lang='lat' dir='ltr'><strong>tum</strong></span> <span class='ocrx_word' id='word_1_270' title='bbox 1002 3682 1121 3728; x_wconf 85' lang='lat' dir='ltr'><strong>inter</strong></span> 
     </span>
     <span class='ocr_line' id='line_1_39' title="bbox 113 3744 1120 3810; baseline 0.015 -16"><span class='ocrx_word' id='word_1_271' title='bbox 113 3744 418 3802; x_wconf 86' lang='lat' dir='ltr'><strong>Protestantes</strong></span> <span class='ocrx_word' id='word_1_272' title='bbox 434 3763 619 3803; x_wconf 83' lang='lat' dir='ltr'><strong>nactum</strong></span> <span class='ocrx_word' id='word_1_273' title='bbox 639 3766 724 3806; x_wconf 80' lang='lat' dir='ltr'><strong>est.</strong></span> <span class='ocrx_word' id='word_1_274' title='bbox 740 3756 876 3808; x_wconf 89' lang='lat' dir='ltr'><strong>Nunc</strong></span> <span class='ocrx_word' id='word_1_275' title='bbox 889 3777 996 3809; x_wconf 86' lang='lat' dir='ltr'><strong>vero</strong></span> <span class='ocrx_word' id='word_1_276' title='bbox 1013 3778 1120 3810; x_wconf 87' lang='lat' dir='ltr'><strong>cum</strong></span> 
     </span>
    </p>
   </div>
   <div class='ocr_carea' id='block_1_12' title="bbox 1201 1797 2225 3749">
    <p class='ocr_par' dir='ltr' id='par_1_13' title="bbox 1201 1797 2225 3749">
     <span class='ocr_line' id='line_1_40' title="bbox 1211 1797 2225 1866; baseline -0.003 -19"><span class='ocrx_word' id='word_1_277' title='bbox 1211 1800 1423 1865; x_wconf 85' lang='lat' dir='ltr'><strong>pluribus</strong></span> <span class='ocrx_word' id='word_1_278' title='bbox 1449 1800 1549 1849; x_wconf 88' lang='lat' dir='ltr'><strong>aliis</strong></span> <span class='ocrx_word' id='word_1_279' title='bbox 1577 1797 1784 1866; x_wconf 81' lang='lat' dir='ltr'><strong>ejusdem</strong></span> <span class='ocrx_word' id='word_1_280' title='bbox 1800 1799 2058 1865; x_wconf 83' lang='lat' dir='ltr'><strong>argumenti</strong></span> <span class='ocrx_word' id='word_1_281' title='bbox 2079 1799 2225 1862; x_wconf 81' lang='lat' dir='ltr'><strong>scrip-</strong></span> 
     </span>
     <span class='ocr_line' id='line_1_41' title="bbox 1213 1877 2222 1947; baseline -0.001 -18"><span class='ocrx_word' id='word_1_282' title='bbox 1213 1885 1270 1929; x_wconf 84' lang='lat' dir='ltr'><strong>tis</strong></span> <span class='ocrx_word' id='word_1_283' title='bbox 1311 1880 1448 1946; x_wconf 83' lang='lat' dir='ltr'><strong>jacet.</strong></span> <span class='ocrx_word' id='word_1_284' title='bbox 1499 1881 1598 1930; x_wconf 86' lang='lat' dir='ltr'><strong>Csr.</strong></span> <span class='ocrx_word' id='word_1_285' title='bbox 1652 1892 1865 1947; x_wconf 84' lang='lat' dir='ltr'><strong>praeterea</strong></span> <span class='ocrx_word' id='word_1_286' title='bbox 1905 1880 2041 1928; x_wconf 87' lang='lat' dir='ltr'><strong>Joan.</strong></span> <span class='ocrx_word' id='word_1_287' title='bbox 2086 1877 2222 1944; x_wconf 90' lang='lat' dir='ltr'><strong>Bapt.</strong></span> 
     </span>
     <span class='ocr_line' id='line_1_42' title="bbox 1213 1961 2224 2028; baseline -0.004 -16"><span class='ocrx_word' id='word_1_288' title='bbox 1213 1963 1389 2012; x_wconf 90' lang='lat' dir='ltr'><strong>Thiers.</strong></span> <span class='ocrx_word' id='word_1_289' title='bbox 1449 1963 1621 2011; x_wconf 77' lang='lat' dir='ltr'><strong>Traite</strong></span> <span class='ocrx_word' id='word_1_290' title='bbox 1667 1963 1748 2010; x_wconf 84' lang='lat' dir='ltr'><strong>des</strong></span> <span class='ocrx_word' id='word_1_291' title='bbox 1793 1963 2039 2028; x_wconf 80' lang='lat' dir='ltr'><strong>superstit.</strong></span> <span class='ocrx_word' id='word_1_292' title='bbox 2100 1961 2224 2010; x_wconf 86' lang='lat' dir='ltr'><strong>Paris</strong></span> 
     </span>
     <span class='ocr_line' id='line_1_43' title="bbox 1221 2041 2222 2112; baseline 0 -19"><span class='ocrx_word' id='word_1_293' title='bbox 1221 2062 1344 2112; x_wconf 83' lang='grc'><strong>1712</strong></span> <span class='ocrx_word' id='word_1_294' title='bbox 1368 2083 1381 2105; x_wconf 86' lang='lat'>‚</span> <span class='ocrx_word' id='word_1_295' title='bbox 1415 2055 1532 2093; x_wconf 87' lang='lat' dir='ltr'><strong>tom.</strong></span> <span class='ocrx_word' id='word_1_296' title='bbox 1572 2062 1622 2105; x_wconf 87' lang='lat'><strong>1,</strong></span> <span class='ocrx_word' id='word_1_297' title='bbox 1657 2045 1740 2093; x_wconf 84' lang='lat' dir='ltr'><strong>liv.</strong></span> <span class='ocrx_word' id='word_1_298' title='bbox 1768 2061 1836 2104; x_wconf 86' lang='lat'><strong>11,</strong></span> <span class='ocrx_word' id='word_1_299' title='bbox 1872 2044 1950 2093; x_wconf 88' lang='lat' dir='ltr'><strong>ch.</strong></span> <span class='ocrx_word' id='word_1_300' title='bbox 1983 2041 2017 2106; x_wconf 74' lang='grc'><em>4</em></span> <span class='ocrx_word' id='word_1_301' title='bbox 2040 2054 2086 2093; x_wconf 87' lang='lat' dir='ltr'><strong>et</strong></span> <span class='ocrx_word' id='word_1_302' title='bbox 2103 2046 2222 2093; x_wconf 86' lang='lat' dir='ltr'><strong>suiv.</strong></span> 
     </span>
     <span class='ocr_line' id='line_1_44' title="bbox 1213 2126 2222 2186; baseline -0.004 -10"><span class='ocrx_word' id='word_1_303' title='bbox 1213 2137 1258 2176; x_wconf 88' lang='lat' dir='ltr'><strong>et</strong></span> <span class='ocrx_word' id='word_1_304' title='bbox 1287 2128 1370 2176; x_wconf 86' lang='lat' dir='ltr'><strong>liv.</strong></span> <span class='ocrx_word' id='word_1_305' title='bbox 1400 2143 1486 2186; x_wconf 87' lang='lat'>111,</span> <span class='ocrx_word' id='word_1_306' title='bbox 1511 2127 1588 2175; x_wconf 88' lang='lat' dir='ltr'><strong>ch.</strong></span> <span class='ocrx_word' id='word_1_307' title='bbox 1618 2143 1634 2174; x_wconf 84' lang='lat'>1</span> <span class='ocrx_word' id='word_1_308' title='bbox 1670 2137 1713 2174; x_wconf 88' lang='lat' dir='ltr'><strong>et</strong></span> <span class='ocrx_word' id='word_1_309' title='bbox 1731 2126 1853 2175; x_wconf 88' lang='lat' dir='ltr'><strong>suiv.</strong></span> <span class='ocrx_word' id='word_1_310' title='bbox 1872 2146 1884 2185; x_wconf 89' lang='lat'>;</span> <span class='ocrx_word' id='word_1_311' title='bbox 1905 2126 1958 2174; x_wconf 87' lang='lat' dir='ltr'><strong>P.</strong></span> <span class='ocrx_word' id='word_1_312' title='bbox 1982 2126 2045 2174; x_wconf 89' lang='lat' dir='ltr'><strong>Le</strong></span> <span class='ocrx_word' id='word_1_313' title='bbox 2065 2126 2222 2186; x_wconf 89' lang='lat' dir='ltr'><strong>Brun,</strong></span> 
     </span>
     <span class='ocr_line' id='line_1_45' title="bbox 1213 2207 2222 2274; baseline -0.002 -18"><span class='ocrx_word' id='word_1_314' title='bbox 1213 2208 1352 2257; x_wconf 84' lang='lat' dir='ltr'><strong>Hist.</strong></span> <span class='ocrx_word' id='word_1_315' title='bbox 1398 2210 1561 2273; x_wconf 84' lang='lat' dir='ltr'><strong>critiq.</strong></span> <span class='ocrx_word' id='word_1_316' title='bbox 1609 2207 1690 2255; x_wconf 82' lang='lat' dir='ltr'><strong>des</strong></span> <span class='ocrx_word' id='word_1_317' title='bbox 1721 2210 1975 2274; x_wconf 80' lang='lat' dir='ltr'><strong>pratiques</strong></span> <span class='ocrx_word' id='word_1_318' title='bbox 2015 2216 2222 2274; x_wconf 75' lang='lat' dir='ltr'><strong>superst.</strong></span> 
     </span>
     <span class='ocr_line' id='line_1_46' title="bbox 1213 2291 2224 2358; baseline 0.001 -20"><span class='ocrx_word' id='word_1_319' title='bbox 1213 2291 1338 2339; x_wconf 88' lang='lat' dir='ltr'><strong>Paris</strong></span> <span class='ocrx_word' id='word_1_320' title='bbox 1381 2307 1506 2357; x_wconf 82' lang='lat'><strong>1702</strong></span> <span class='ocrx_word' id='word_1_321' title='bbox 1526 2302 1684 2352; x_wconf 86' lang='lat' dir='ltr'><strong>‚·t0m.</strong></span> <span class='ocrx_word' id='word_1_322' title='bbox 1708 2305 1743 2338; x_wconf 83' lang='lat'><strong>11</strong></span> <span class='ocrx_word' id='word_1_323' title='bbox 1761 2329 1774 2351; x_wconf 89' lang='lat'><strong>,</strong></span> <span class='ocrx_word' id='word_1_324' title='bbox 1808 2291 1890 2340; x_wconf 87' lang='lat' dir='ltr'><strong>liv.</strong></span> <span class='ocrx_word' id='word_1_325' title='bbox 1917 2308 1964 2340; x_wconf 84' lang='lat' dir='ltr'><strong>v1</strong></span> <span class='ocrx_word' id='word_1_326' title='bbox 1984 2329 1996 2352; x_wconf 90' lang='lat'>‚</span> <span class='ocrx_word' id='word_1_327' title='bbox 2021 2303 2111 2341; x_wconf 82' lang='lat' dir='ltr'><strong>etc.</strong></span> <span class='ocrx_word' id='word_1_328' title='bbox 2142 2293 2224 2358; x_wconf 90' lang='lat' dir='ltr'><strong>qui</strong></span> 
     </span>
     <span class='ocr_line' id='line_1_47' title="bbox 1210 2375 2224 2438; baseline 0.003 -18"><span class='ocrx_word' id='word_1_329' title='bbox 1210 2382 1364 2421; x_wconf 86' lang='lat' dir='ltr'><strong>tamen</strong></span> <span class='ocrx_word' id='word_1_330' title='bbox 1403 2390 1500 2420; x_wconf 90' lang='lat' dir='ltr'><strong>non</strong></span> <span class='ocrx_word' id='word_1_331' title='bbox 1554 2390 1734 2438; x_wconf 87' lang='lat' dir='ltr'><strong>semper</strong></span> <span class='ocrx_word' id='word_1_332' title='bbox 1776 2375 1883 2422; x_wconf 80' lang='lat' dir='ltr'><strong>satis</strong></span> <span class='ocrx_word' id='word_1_333' title='bbox 1934 2375 2147 2423; x_wconf 88' lang='lat' dir='ltr'><strong>criticum</strong></span> <span class='ocrx_word' id='word_1_334' title='bbox 2177 2392 2224 2423; x_wconf 89' lang='lat' dir='ltr'><strong>se</strong></span> 
     </span>
     <span class='ocr_line' id='line_1_48' title="bbox 1210 2454 2223 2522; baseline 0 -19"><span class='ocrx_word' id='word_1_335' title='bbox 1210 2455 1418 2503; x_wconf 85' lang='lat' dir='ltr'><strong>exhibet.</strong></span> <span class='ocrx_word' id='word_1_336' title='bbox 1460 2454 1828 2505; x_wconf 81' lang='lat' dir='ltr'><strong>Protestantibus</strong></span> <span class='ocrx_word' id='word_1_337' title='bbox 1878 2456 2026 2505; x_wconf 88' lang='lat' dir='ltr'><strong>multo</strong></span> <span class='ocrx_word' id='word_1_338' title='bbox 2078 2459 2223 2522; x_wconf 84' lang='lat' dir='ltr'><strong>magis</strong></span> 
     </span>
     <span class='ocr_line' id='line_1_49' title="bbox 1209 2535 2219 2601; baseline 0.003 -18"><span class='ocrx_word' id='word_1_339' title='bbox 1209 2553 1352 2601; x_wconf 89' lang='lat' dir='ltr'><strong>quam</strong></span> <span class='ocrx_word' id='word_1_340' title='bbox 1395 2535 1676 2597; x_wconf 87' lang='lat' dir='ltr'><strong>Catholicis,</strong></span> <span class='ocrx_word' id='word_1_341' title='bbox 1717 2547 1769 2584; x_wconf 90' lang='lat' dir='ltr'><strong>ut</strong></span> <span class='ocrx_word' id='word_1_342' title='bbox 1803 2537 1969 2586; x_wconf 85' lang='lat' dir='ltr'><strong>fatetur</strong></span> <span class='ocrx_word' id='word_1_343' title='bbox 1998 2537 2182 2587; x_wconf 82' lang='lat' dir='ltr'><strong>Wierus</strong></span> <span class='ocrx_word' id='word_1_344' title='bbox 2201 2573 2219 2600; x_wconf 89' lang='lat'>‚</span> 
     </span>
     <span class='ocr_line' id='line_1_50' title="bbox 1207 2617 2222 2682; baseline 0.001 -16"><span class='ocrx_word' id='word_1_345' title='bbox 1207 2635 1478 2682; x_wconf 87' lang='lat' dir='ltr'><strong>persuasum</strong></span> <span class='ocrx_word' id='word_1_346' title='bbox 1511 2629 1606 2667; x_wconf 87' lang='lat' dir='ltr'><strong>erat</strong></span> <span class='ocrx_word' id='word_1_347' title='bbox 1639 2617 1697 2667; x_wconf 89' lang='lat' dir='ltr'><strong>de</strong></span> <span class='ocrx_word' id='word_1_348' title='bbox 1728 2619 1819 2667; x_wconf 90' lang='lat' dir='ltr'><strong>hoc</strong></span> <span class='ocrx_word' id='word_1_349' title='bbox 1839 2620 2086 2667; x_wconf 87' lang='lat' dir='ltr'><strong>hominum</strong></span> <span class='ocrx_word' id='word_1_350' title='bbox 2114 2637 2222 2667; x_wconf 88' lang='lat' dir='ltr'><strong>cum</strong></span> 
     </span>
     <span class='ocr_line' id='line_1_51' title="bbox 1209 2698 2218 2765; baseline 0.003 -20"><span class='ocrx_word' id='word_1_351' title='bbox 1209 2698 1495 2747; x_wconf 86' lang='lat' dir='ltr'><strong>daemonibus</strong></span> <span class='ocrx_word' id='word_1_352' title='bbox 1524 2703 1822 2748; x_wconf 89' lang='lat' dir='ltr'><strong>commercio.</strong></span> <span class='ocrx_word' id='word_1_353' title='bbox 1842 2699 1940 2748; x_wconf 85' lang='lat' dir='ltr'><strong>Cfr.</strong></span> <span class='ocrx_word' id='word_1_354' title='bbox 1970 2703 2021 2747; x_wconf 90' lang='lat' dir='ltr'><strong>in</strong></span> <span class='ocrx_word' id='word_1_355' title='bbox 2039 2699 2218 2765; x_wconf 82' lang='lat' dir='ltr'><strong>Apolo-</strong></span> 
     </span>
     <span class='ocr_line' id='line_1_52' title="bbox 1205 2778 2221 2846; baseline 0.006 -21"><span class='ocrx_word' id='word_1_356' title='bbox 1205 2781 1355 2842; x_wconf 83' lang='lat' dir='ltr'><strong>9etico</strong></span> <span class='ocrx_word' id='word_1_357' title='bbox 1372 2816 1385 2839; x_wconf 85' lang='lat'>,</span> <span class='ocrx_word' id='word_1_358' title='bbox 1422 2778 1448 2845; x_wconf 89' lang='grc'><strong>3</strong></span> <span class='ocrx_word' id='word_1_359' title='bbox 1470 2780 1502 2843; x_wconf 75' lang='grc'><em>4</em></span> <span class='ocrx_word' id='word_1_360' title='bbox 1519 2818 1532 2841; x_wconf 86' lang='grc'><em>,</em></span> <span class='ocrx_word' id='word_1_361' title='bbox 1565 2799 1670 2846; x_wconf 86' lang='lat' dir='ltr'><strong>pag.</strong></span> <span class='ocrx_word' id='word_1_362' title='bbox 1702 2779 1821 2830; x_wconf 88' lang='grc'><strong>582.</strong></span> <span class='ocrx_word' id='word_1_363' title='bbox 1856 2781 1952 2830; x_wconf 90' lang='lat' dir='ltr'><strong>Nec</strong></span> <span class='ocrx_word' id='word_1_364' title='bbox 1971 2783 2139 2831; x_wconf 91' lang='lat' dir='ltr'><strong>desunt</strong></span> <span class='ocrx_word' id='word_1_365' title='bbox 2166 2800 2221 2831; x_wconf 86' lang='lat' dir='ltr'><strong>ex</strong></span> 
     </span>
     <span class='ocr_line' id='line_1_53' title="bbox 1209 2861 2220 2927; baseline 0.005 -20"><span class='ocrx_word' id='word_1_366' title='bbox 1209 2861 1537 2909; x_wconf 85' lang='lat' dir='ltr'><strong>recentioribus</strong></span> <span class='ocrx_word' id='word_1_367' title='bbox 1566 2865 1647 2927; x_wconf 87' lang='lat' dir='ltr'><strong>qui</strong></span> <span class='ocrx_word' id='word_1_368' title='bbox 1675 2862 1826 2910; x_wconf 89' lang='lat' dir='ltr'><strong>eidem</strong></span> <span class='ocrx_word' id='word_1_369' title='bbox 1870 2866 2106 2911; x_wconf 89' lang='lat' dir='ltr'><strong>sententiae</strong></span> <span class='ocrx_word' id='word_1_370' title='bbox 2135 2864 2220 2912; x_wconf 89' lang='lat' dir='ltr'><strong>ad-</strong></span> 
     </span>
     <span class='ocr_line' id='line_1_54' title="bbox 1208 2942 2222 3010; baseline 0.005 -22"><span class='ocrx_word' id='word_1_371' title='bbox 1208 2942 1413 2990; x_wconf 83' lang='lat' dir='ltr'><strong>haereant</strong></span> <span class='ocrx_word' id='word_1_372' title='bbox 1430 2980 1442 3002; x_wconf 85' lang='lat'><strong>,</strong></span> <span class='ocrx_word' id='word_1_373' title='bbox 1460 2946 1581 2991; x_wconf 86' lang='lat' dir='ltr'><strong>inter</strong></span> <span class='ocrx_word' id='word_1_374' title='bbox 1596 2954 1767 2992; x_wconf 84' lang='lat' dir='ltr'><strong>ceteros</strong></span> <span class='ocrx_word' id='word_1_375' title='bbox 1786 2943 2144 3010; x_wconf 80' lang='lat' dir='ltr'><strong>Eschenmayer,</strong></span> <span class='ocrx_word' id='word_1_376' title='bbox 2171 2948 2222 2993; x_wconf 90' lang='lat' dir='ltr'><strong>in</strong></span> 
     </span>
     <span class='ocr_line' id='line_1_55' title="bbox 1207 3027 2214 3094; baseline 0.005 -22"><span class='ocrx_word' id='word_1_377' title='bbox 1207 3043 1344 3090; x_wconf 89' lang='lat' dir='ltr'><strong>opere</strong></span> <span class='ocrx_word' id='word_1_378' title='bbox 1358 3029 1432 3074; x_wconf 91' lang='lat' dir='ltr'><strong>cui</strong></span> <span class='ocrx_word' id='word_1_379' title='bbox 1448 3028 1606 3075; x_wconf 83' lang='lat' dir='ltr'><strong>titulus</strong></span> <span class='ocrx_word' id='word_1_380' title='bbox 1621 3027 1880 3091; x_wconf 72' lang='lat' dir='ltr'><strong>Reliyio‘ns</strong></span> <span class='ocrx_word' id='word_1_381' title='bbox 1885 3027 2186 3094; x_wconf 78' lang='lat' dir='ltr'><strong>philosophie</strong></span> <span class='ocrx_word' id='word_1_382' title='bbox 2198 3065 2214 3091; x_wconf 86' lang='lat'><strong><em>,</em></strong></span> 
     </span>
     <span class='ocr_line' id='line_1_56' title="bbox 1207 3106 2218 3174; baseline 0.005 -20"><span class='ocrx_word' id='word_1_383' title='bbox 1207 3124 1285 3155; x_wconf 89' lang='lat' dir='ltr'><strong>seu</strong></span> <span class='ocrx_word' id='word_1_384' title='bbox 1306 3144 1319 3166; x_wconf 88' lang='lat'>‚</span> <span class='ocrx_word' id='word_1_385' title='bbox 1363 3106 1442 3154; x_wconf 91' lang='lat' dir='ltr'><strong>De</strong></span> <span class='ocrx_word' id='word_1_386' title='bbox 1466 3107 1771 3174; x_wconf 77' lang='lat' dir='ltr'><strong>philosophia</strong></span> <span class='ocrx_word' id='word_1_387' title='bbox 1800 3109 2079 3174; x_wconf 73' lang='lat' dir='ltr'><strong>reli&#39;qionis,</strong></span> <span class='ocrx_word' id='word_1_388' title='bbox 2120 3111 2218 3159; x_wconf 89' lang='lat' dir='ltr'><strong>Tu-</strong></span> 
     </span>
     <span class='ocr_line' id='line_1_57' title="bbox 1206 3185 2214 3258; baseline 0.003 -22"><span class='ocrx_word' id='word_1_389' title='bbox 1206 3188 1356 3254; x_wconf 86' lang='lat' dir='ltr'><strong>bingae</strong></span> <span class='ocrx_word' id='word_1_390' title='bbox 1399 3185 1523 3237; x_wconf 83' lang='lat'>1822</span> <span class='ocrx_word' id='word_1_391' title='bbox 1544 3227 1557 3249; x_wconf 85' lang='lat'><em>‚</em></span> <span class='ocrx_word' id='word_1_392' title='bbox 1592 3189 1617 3255; x_wconf 88' lang='grc'><strong>3</strong></span> <span class='ocrx_word' id='word_1_393' title='bbox 1647 3188 1713 3238; x_wconf 88' lang='grc'><strong>86</strong></span> <span class='ocrx_word' id='word_1_394' title='bbox 1755 3202 1798 3239; x_wconf 88' lang='lat' dir='ltr'><strong>et</strong></span> <span class='ocrx_word' id='word_1_395' title='bbox 1827 3208 1996 3257; x_wconf 90' lang='lat' dir='ltr'><strong>seqq.;</strong></span> <span class='ocrx_word' id='word_1_396' title='bbox 2026 3191 2180 3258; x_wconf 83' lang='lat' dir='ltr'><strong>Meyer</strong></span> <span class='ocrx_word' id='word_1_397' title='bbox 2201 3230 2214 3253; x_wconf 88' lang='lat'>‚</span> 
     </span>
     <span class='ocr_line' id='line_1_58' title="bbox 1206 3269 2213 3335; baseline 0.006 -19"><span class='ocrx_word' id='word_1_398' title='bbox 1206 3269 1397 3317; x_wconf 71' lang='lat' dir='ltr'><strong>Blatter</strong></span> <span class='ocrx_word' id='word_1_399' title='bbox 1414 3271 1504 3335; x_wconf 83' lang='lat' dir='ltr'><strong>fur</strong></span> <span class='ocrx_word' id='word_1_400' title='bbox 1525 3271 1692 3319; x_wconf 64' lang='lat' dir='ltr'><strong>hahere</strong></span> <span class='ocrx_word' id='word_1_401' title='bbox 1720 3271 1804 3321; x_wconf 83' lang='lat' dir='ltr'><em>W</em></span> <span class='ocrx_word' id='word_1_402' title='bbox 1802 3272 1988 3320; x_wconf 77' lang='lat' dir='ltr'><strong>ahrheit</strong></span> <span class='ocrx_word' id='word_1_403' title='bbox 2006 3311 2019 3334; x_wconf 82' lang='lat'>‚</span> <span class='ocrx_word' id='word_1_404' title='bbox 2047 3275 2096 3321; x_wconf 90' lang='lat' dir='ltr'><strong>id</strong></span> <span class='ocrx_word' id='word_1_405' title='bbox 2116 3283 2213 3333; x_wconf 87' lang='lat' dir='ltr'><strong>est,</strong></span> 
     </span>
     <span class='ocr_line' id='line_1_59' title="bbox 1207 3350 2217 3416; baseline 0.005 -19"><span class='ocrx_word' id='word_1_406' title='bbox 1207 3350 1354 3399; x_wconf 85' lang='lat' dir='ltr'><strong>Folia</strong></span> <span class='ocrx_word' id='word_1_407' title='bbox 1372 3369 1464 3416; x_wconf 82' lang='lat' dir='ltr'><strong>pro</strong></span> <span class='ocrx_word' id='word_1_408' title='bbox 1488 3351 1761 3401; x_wconf 83' lang='lat' dir='ltr'><strong>sublimiori</strong></span> <span class='ocrx_word' id='word_1_409' title='bbox 1782 3356 2002 3415; x_wconf 78' lang='lat' dir='ltr'><strong>veritate,</strong></span> <span class='ocrx_word' id='word_1_410' title='bbox 2028 3356 2217 3403; x_wconf 84' lang='lat' dir='ltr'><strong>Samm-</strong></span> 
     </span>
     <span class='ocr_line' id='line_1_60' title="bbox 1207 3433 2215 3504; baseline 0.004 -22"><span class='ocrx_word' id='word_1_411' title='bbox 1207 3433 1342 3499; x_wconf 81' lang='lat' dir='ltr'><strong>Iunq.</strong></span> <span class='ocrx_word' id='word_1_412' title='bbox 1377 3437 1750 3500; x_wconf 89' lang='lat' dir='ltr'><strong>(collectio)vn‚</strong></span> <span class='ocrx_word' id='word_1_413' title='bbox 1782 3457 1883 3503; x_wconf 81' lang='lat' dir='ltr'><strong>pag.</strong></span> <span class='ocrx_word' id='word_1_414' title='bbox 1917 3438 2014 3488; x_wconf 87' lang='lat'><strong>208</strong></span> <span class='ocrx_word' id='word_1_415' title='bbox 2029 3449 2073 3488; x_wconf 89' lang='lat' dir='ltr'><strong>et</strong></span> <span class='ocrx_word' id='word_1_416' title='bbox 2088 3457 2215 3504; x_wconf 89' lang='lat' dir='ltr'><strong>seqq.</strong></span> 
     </span>
     <span class='ocr_line' id='line_1_61' title="bbox 1207 3516 2219 3585; baseline 0.002 -21"><span class='ocrx_word' id='word_1_417' title='bbox 1207 3516 1401 3566; x_wconf 83' lang='lat' dir='ltr'><strong>Frankf.</strong></span> <span class='ocrx_word' id='word_1_418' title='bbox 1426 3516 1552 3567; x_wconf 89' lang='lat'>1826</span> <span class='ocrx_word' id='word_1_419' title='bbox 1572 3520 1785 3585; x_wconf 85' lang='lat' dir='ltr'><strong>3Knapp.</strong></span> <span class='ocrx_word' id='word_1_420' title='bbox 1808 3519 1868 3567; x_wconf 92' lang='lat' dir='ltr'><em>V</em></span> <span class='ocrx_word' id='word_1_421' title='bbox 1862 3519 2083 3584; x_wconf 78' lang='lat' dir='ltr'><strong>orlesunq</strong></span> <span class='ocrx_word' id='word_1_422' title='bbox 2100 3520 2219 3567; x_wconf 67' lang='lat' dir='ltr'><strong>iiber</strong></span> 
     </span>
     <span class='ocr_line' id='line_1_62' title="bbox 1201 3597 2212 3664; baseline 0.003 -19"><span class='ocrx_word' id='word_1_423' title='bbox 1201 3597 1292 3645; x_wconf 77' lang='lat' dir='ltr'><strong>den</strong></span> <span class='ocrx_word' id='word_1_424' title='bbox 1340 3599 1699 3664; x_wconf 77' lang='lat' dir='ltr'><strong>evanqelischen</strong></span> <span class='ocrx_word' id='word_1_425' title='bbox 1736 3601 1959 3650; x_wconf 77' lang='lat' dir='ltr'><strong>Glauben</strong></span> <span class='ocrx_word' id='word_1_426' title='bbox 1979 3640 1991 3662; x_wconf 90' lang='lat'><strong>,</strong></span> <span class='ocrx_word' id='word_1_427' title='bbox 2027 3602 2076 3648; x_wconf 91' lang='lat' dir='ltr'><strong>id</strong></span> <span class='ocrx_word' id='word_1_428' title='bbox 2113 3611 2212 3661; x_wconf 87' lang='lat' dir='ltr'><strong>est,</strong></span> 
     </span>
     <span class='ocr_line' id='line_1_63' title="bbox 1202 3679 2215 3749; baseline 0.004 -22"><span class='ocrx_word' id='word_1_429' title='bbox 1202 3679 1542 3730; x_wconf 82' lang='lat' dir='ltr'><strong>Praelectiones</strong></span> <span class='ocrx_word' id='word_1_430' title='bbox 1568 3682 1626 3730; x_wconf 85' lang='lat' dir='ltr'><strong>de</strong></span> <span class='ocrx_word' id='word_1_431' title='bbox 1649 3683 1746 3747; x_wconf 81' lang='lat' dir='ltr'><strong>side</strong></span> <span class='ocrx_word' id='word_1_432' title='bbox 1769 3682 2041 3748; x_wconf 76' lang='lat' dir='ltr'><strong>evanqelica</strong></span> <span class='ocrx_word' id='word_1_433' title='bbox 2054 3715 2071 3743; x_wconf 90' lang='lat'><em>,</em></span> <span class='ocrx_word' id='word_1_434' title='bbox 2106 3701 2215 3749; x_wconf 81' lang='lat' dir='ltr'><strong>pag.</strong></span> 
     </span>
    </p>
   </div>
   <div class='ocr_carea' id='block_1_13' title="bbox 1206 3759 1883 3831">
    <p class='ocr_par' dir='ltr' id='par_1_14' title="bbox 1206 3759 1883 3831">
     <span class='ocr_line' id='line_1_64' title="bbox 1206 3759 1883 3831; baseline 0.009 -23"><span class='ocrx_word' id='word_1_435' title='bbox 1206 3759 1304 3828; x_wconf 84' lang='lat'><strong>395</strong></span> <span class='ocrx_word' id='word_1_436' title='bbox 1333 3773 1376 3813; x_wconf 85' lang='lat' dir='ltr'><strong>et</strong></span> <span class='ocrx_word' id='word_1_437' title='bbox 1406 3779 1540 3831; x_wconf 85' lang='lat' dir='ltr'><strong>seqq.</strong></span> <span class='ocrx_word' id='word_1_438' title='bbox 1576 3763 1704 3814; x_wconf 85' lang='lat' dir='ltr'><strong>Halae</strong></span> <span class='ocrx_word' id='word_1_439' title='bbox 1740 3761 1883 3830; x_wconf 85' lang='grc'><strong>1827.</strong></span> 
     </span>
    </p>
   </div>
  </div>
 </body>
</html>
