2580 4152
422 210 539 267 112

1079 233 1277 272 TRACT.
1327 235 1396 270 ΒΕ
1440 235 1544 271 1)Εο
1589 235 1899 276 CREATORE.

1311 402 1554 461 CAPUT
1639 407 1684 461 Ι.

1139 559 1208 595 DE
1253 558 1483 597 HOMINIS
1526 559 1835 600 CREATIONE
1844 588 1856 599 .

499 713 639 773 228.
689 715 817 772 Duo
842 712 1213 795 potissimum
1253 735 1478 773 errores
1526 714 1915 776 adversantur
1950 706 2219 780 mosaicae
2251 721 2558 780 creationis

418 810 696 870 historiae.
722 809 886 869 Alter
903 831 1106 869 eorum
1133 820 1222 868 est
1239 853 1255 884 7
1277 809 1378 891 qui
1402 810 1706 870 hominem
1730 834 1761 870 a
1778 814 1923 884 Dec,
1946 813 2154 874 saltem
2176 817 2516 876 immediate
2539 862 2555 891 7

419 917 684 967 creatum
713 917 932 986 negant
963 951 978 981 7
1008 904 1111 965 sed
1142 904 1239 965 vel
1263 904 1337 964 ab
1368 918 1539 966 terrae
1557 907 1738 988 ipsius
1768 907 2126 969 fecunditate
2147 956 2162 984 7
2194 911 2288 971 vel
2318 911 2392 971 ab
2419 935 2554 987 ovo7

417 1003 513 1065 vel
535 1002 677 1062 limo
708 1003 856 1062 sicut
878 1024 1035 1061 ranae
1079 1023 1151 1061 ex
1189 1001 1322 1061 Nilo
1347 1023 1483 1061 eum
1519 1002 1804 1084 prodiisse
1846 1004 2146 1063 affirmant
2173 1005 2281 1086 (1).
2313 995 2557 1067 Nullum

415 1102 539 1161 fere
568 1110 985 1179 argumentum
1014 1109 1134 1166 est7
1165 1120 1281 1180 quo
1310 1099 1493 1178 magis
1524 1098 1810 1157 increduli
1838 1111 1897 1159 et
1935 1100 2092 1160 athei
2131 1112 2520 1184 torqueantur
2538 1148 2553 1178 7

417 1218 599 1280 quam
624 1195 783 1254 istud
817 1194 890 1254 de
913 1194 1383 1276 anthropogonia
1414 1216 1518 1254 seu
1559 1195 1815 1254 hominis
1850 1197 2073 1276 origine
2113 1220 2124 1254 :
2158 1198 2304 1257 circa
2332 1219 2511 1280 quam
2538 1243 2554 1273 7

418 1292 713 1376 quidquid
739 1290 978 1350 absurdi
1003 1311 1067 1349 ac
1098 1289 1330 1349 ridiculi
1362 1291 1498 1370 aegri
1530 1291 1771 1350 somniis
1797 1293 2109 1372 excogitari
2133 1304 2330 1374 potest
2354 1341 2369 1370 7
2396 1316 2559 1354 com-

417 1390 606 1449 menti
641 1399 797 1447 sunt.
826 1388 929 1446 His
954 1386 1242 1446 accedunt
1269 1386 1645 1446 rationalistae
1682 1409 1746 1446 ac
1781 1389 2059 1447 neoterici
2096 1388 2296 1449 biblici
2318 1436 2332 1464 7
2374 1391 2474 1472 qui
2496 1391 2558 1449 in

417 1490 673 1546 mosaica
708 1482 1178 1565 anthropogonia
1206 1504 1330 1540 non
1369 1494 1692 1562 agnoscunt
1717 1483 1832 1542 nisi
1872 1486 2173 1563 mythum7
2205 1507 2271 1544 ac
2296 1487 2558 1566 Moysem

415 1593 728 1666 propterer
760 1579 1023 1661 primum
1063 1578 1574 1658 mythoyraplzum
1622 1577 1921 1660 appellare
1962 1601 2085 1638 non
2131 1592 2414 1639 verentur
2448 1580 2555 1661 (2).

416 1679 582 1740 Alter
602 1699 764 1738 error
801 1695 1008 1741 eorum
1040 1685 1165 1748 est7
1203 1674 1303 1755 qui
1346 1684 1660 1744 autumant
1695 1685 1832 1733 ante
1876 1674 2064 1734 Adam
2101 1675 2240 1735 alios
2284 1675 2556 1737 homines

416 1777 592 1837 fuisse
618 1772 884 1833 conditos
906 1817 921 1846 7
962 1770 1063 1851 qui
1091 1781 1404 1852 propterea
1420 1771 1853 1850 proeadamz'tae
1880 1770 2150 1829 audiunt.
2185 1772 2370 1850 Hujus
2403 1794 2558 1831 erro-

417 1874 498 1934 ris
527 1872 888 1930 instaurator
924 1866 1035 1926 fuit
1074 1867 1299 1925 Isaacus
1338 1867 1416 1925 La
1451 1868 1699 1946 Peyrere
1738 1866 1826 1965 (3)
1858 1889 1888 1926 e
1933 1866 2162 1930 calvini
2205 1866 2554 1951 disciplina·7

450 2096 516 2161 (l)
533 2092 795 2142 Neeldham
809 2099 856 2139 et
867 2087 1043 2137 Buffon
1061 2096 1233 2154 negant
1251 2124 1264 2147 7
1283 2086 1446 2137 saltem

417 2177 692 2226 immediate
728 2192 755 2222 a
787 2173 885 2221 Deo
917 2172 1159 2219 hominem
1199 2169 1446 2218 conditum

419 2277 518 2309 esse
539 2297 551 2319 7
581 2258 663 2307 sed
693 2256 919 2322 prodiisse
948 2253 1183 2301 affirmant
1214 2270 1268 2300 ex
1302 2254 1448 2317 parti-

419 2342 537 2406 culis
571 2340 644 2389 vel
671 2339 881 2388 essentiis
900 2373 912 2394 7
942 2345 995 2383 ut
1024 2344 1226 2395 vocant,
1256 2335 1448 2398 oryani-

418 2423 677 2473 satricibus
721 2431 803 2469 aut
843 2422 890 2467 vi
937 2417 1189 2483 vegetativa
1210 2454 1223 2474 7
1273 2416 1446 2482 quibus

384 2502 387 2504 ¹
419 2507 546 2556 Deus
588 2515 805 2554 naturam
836 2503 1019 2550 ditavit.
1050 2499 1150 2548 Cfr.
1197 2499 1447 2564 Spalanza-

410 2593 507 2650 ni,
545 2586 899 2637 Osservazioni
916 2581 1286 2649 microscopiche
1304 2619 1319 2642 7
1354 2592 1445 2630 etc.

422 2683 536 2721 tom.
555 2689 590 2719 11
609 2709 621 2733 7
652 2670 829 2717 Milano
855 2665 999 2716 1826.
1015 2665 1282 2714 Aristoteles
1306 2664 1445 2712 modo

420 2757 594 2806 emittit
633 2750 915 2819 hypothesin
943 2751 1001 2798 de
1038 2750 1249 2797 humano
1282 2764 1447 2813 genere

421 2854 669 2905 nunquam
697 2832 844 2900 coepto
862 2852 876 2896 3
897 2833 1036 2881 modo
1064 2850 1165 2880 eam
1192 2841 1323 2879 vocat
1338 2828 1443 2880 orla·-

421 2941 490 2970 τιν
512 2958 525 2981 7
555 2919 941 2986 persuasionem.
972 2915 1188 2980 Denique
1232 2914 1321 2962 lib.
1358 2930 1442 2972 1117

423 3003 506 3052 De
532 3008 746 3067 yenerat.
776 3001 932 3047 anim.
960 2996 1202 3046 concludit
1233 3013 1246 3043 :
1279 2995 1447 3062 Quare

421 3094 468 3134 et
491 3085 548 3132 de
576 3083 830 3131 hominum
858 3097 915 3128 ac
942 3078 1313 3144 quadrupedum
1339 3087 1447 3126 ortu

422 3184 523 3216 non
565 3164 772 3214 absurde
810 3165 921 3228 quis
954 3163 1218 3227 conjiciat,
1253 3162 1300 3208 si
1330 3155 1447 3208 olim

422 3268 483 3300 ex
512 3260 640 3299 terra
669 3247 791 3296 editi
821 3255 966 3305 sunt,
1006 3245 1061 3293 id
1098 3244 1306 3292 duorum
1345 3260 1445 3291 mo-

423 3334 594 3383 dorum
610 3330 755 3379 altero
770 3331 998 3390 evenisse,
1022 3334 1110 3376 aut
1124 3336 1179 3375 ut
1190 3343 1248 3374 ea·
1267 3343 1443 3386 verme,

424 3416 480 3467 ὦς
502 3411 742 3470 σ-κῶληκος
761 3451 774 3470 7
795 3414 1019 3478 primum
1049 3411 1305 3458 existerent
1322 3447 1335 3469 7
1362 3417 1449 3457 aut

424 3518 484 3550 ea·
497 3502 620 3559 ovis,
642 3498 688 3559 ἐξ
703 3498 811 3555 affin,
832 3495 1102 3543 ederentur.
1121 3493 1353 3557 Expositis
1371 3510 1449 3540 au-

426 3595 520 3633 tem
547 3583 621 3631 his
655 3579 805 3628 modis
826 3615 839 3637 7
874 3580 939 3626 ait
974 3594 988 3624 ε
1030 3575 1196 3643 Quare
1216 3613 1228 3632 7
1261 3573 1452 3639 siquid

425 3666 628 3713 initium
671 3660 913 3712 eoeistendi
943 3657 1279 3706 animantibus
1313 3657 1446 3722 fuit,

425 3746 480 3795 id
506 3746 653 3796 altero
675 3746 733 3794 de
759 3743 946 3794 duobus
976 3743 1087 3790 istis
1113 3740 1268 3789 modis
1298 3741 1455 3789 conti-

1525 2087 1653 2151 9isse
1668 2087 1982 2152 manifestum
2004 2096 2089 2137 est.
2107 2083 2215 2136 'Orc
2240 2084 2323 2151 μὲν
2341 2083 2410 2138 οἶν
2435 2087 2555 2156 ein-eg

1528 2166 1597 2222 τὶς
1627 2166 1752 2236 αἰξχῆ
1777 2175 1860 2224 τῆς
1885 2168 2106 2229 γενέσεως
2132 2178 2247 2219 ποῖα-ι
2277 2171 2371 2219 τοῖς
2398 2168 2553 2234 ζώοις,

1531 2250 1711 2311 εὔλογον
1743 2251 1868 2302 δυεῖν
1913 2250 2080 2302 τούτων
2114 2250 2219 2303 εἶναι
2256 2251 2334 2309 τὼ
2370 2251 2553 2322 ἔτίςοιν,

1528 2335 1729 2402 φανερόν.
1751 2335 1863 2385 Vid.
1889 2336 2003 2385 edit.
2027 2335 2172 2385 Paris.
2201 2335 2330 2403 1619
2349 2374 2363 2396 7
2383 2347 2495 2385 tom.
2514 2355 2551 2397 1,

1527 2430 1647 2484 part.
1697 2419 1782 2468 alt.
1836 2437 1940 2484 pag.
1994 2420 2139 2468 1113.
2182 2419 2352 2486 Aliqua
2398 2431 2555 2469 tamen

1528 2504 1662 2550 venia
1700 2502 1867 2567 dignus
1920 2512 2018 2561 est,
2071 2512 2230 2567 utpote
2268 2503 2551 2552 revelatione

1527 2584 1812 2643 destitutus,
1857 2587 1894 2632 si
1943 2587 2007 2633 ita
2055 2585 2274 2649 desipuit.
2319 2583 2379 2633 At
2420 2584 2551 2634 nulla

1527 2669 1660 2715 venia
1694 2667 1821 2732 digni
1854 2677 1964 2715 sunt
1990 2669 2266 2721 recentiores
2300 2664 2403 2727 illi,
2435 2670 2548 2733 qui,

1527 2760 1580 2797 ut
1642 2750 1969 2798 revelationem
2036 2749 2292 2813 abjicerent
2321 2785 2335 2812 7
2399 2751 2548 2799 nihilo

1529 2834 1684 2880 minus
1718 2832 2018 2896 desipuerunt
2052 2833 2173 2879 circa
2211 2831 2414 2880 hominis
2454 2836 2548 2880 ori-

1527 2917 1685 2979 ginem
1707 2951 1719 2973 7
1748 2931 1949 2979 quorum
1994 2914 2072 2961 alii
2103 2931 2159 2962 ex
2197 2931 2283 2961 ovo
2307 2952 2320 2973 7
2356 2915 2429 2962 vel
2460 2933 2550 2980 pu-

1524 2997 1741 3054 tredine,
1777 2996 1852 3044 vel
1882 2998 1996 3043 mari
2038 2996 2112 3044 vel
2152 2996 2356 3060 piscibus
2393 3007 2549 3046 ortum

1527 3097 1635 3128 eum
1676 3087 2013 3142 autumarunt,
2056 3078 2134 3125 alii
2169 3079 2399 3126 infinitam
2441 3097 2548 3128 suc-

1527 3164 1780 3212 cessionem
1808 3162 2095 3210 admiserunt
2114 3199 2126 3221 7
2150 3180 2265 3227 quos
2291 3163 2363 3210 vel
2385 3180 2547 3212 recen-

1526 3263 1624 3295 sere
1658 3247 1798 3293 inane
1831 3246 2022 3292 omnino
2059 3263 2174 3309 opus
2203 3255 2338 3293 esset.

1598 3327 1662 3389 (2)
1690 3326 1757 3375 Ita
1775 3326 1993 3390 Wegsch.
2013 3325 2039 3391 ξ
2056 3326 2120 3393 98
2138 3365 2150 3386 7
2171 3346 2223 3376 n.
2246 3327 2304 3391 (a)
2326 3365 2338 3387 7
2358 3345 2407 3391 p.
2426 3328 2545 3376 321.

1601 3409 1664 3473 (3)
1680 3408 1734 3456 In
1748 3426 1825 3474 op.
1841 3409 2211 3469 Proeadamitae7
2228 3409 2303 3458 vel
2313 3411 2549 3457 exercita-

1530 3493 1597 3540 tio
1626 3492 1864 3556 exeqetica
1883 3493 1939 3538 in
1957 3490 2127 3557 Epist.
2155 3492 2220 3539 ad
2239 3492 2378 3540 Rom.
2404 3510 2431 3538 v
2456 3528 2468 3550 7
2496 3508 2555 3538 12

1534 3585 1578 3623 et
1623 3592 1757 3640 seqq.
1808 3571 1961 3637 in-40.
2010 3575 2141 3640 Lyon
2191 3572 2318 3623 1655
2351 3611 2364 3632 7
2418 3591 2560 3640 quem

1535 3657 1756 3706 nonnulli
1785 3656 1864 3704 alii
1900 3659 1951 3704 in
1978 3657 2140 3706 eadem
2173 3659 2398 3706 sententia
2437 3672 2561 3722 prae-

1541 3750 1805 3801 cesserunt,
1850 3756 1965 3804 quos
2008 3750 2212 3789 recenset
2250 3738 2468 3789 Calovius
2512 3740 2563 3787 in
