2580 4152
2041 161 2159 221 375

433 191 586 229 PART.
632 192 718 228 111.
763 188 886 226 CAP.
933 187 1014 226 vl.
1059 186 1129 224 DE
1170 182 1396 224 FUTURA
1438 183 1672 221 nonnus
1714 181 1867 221 VrrA.

62 335 289 395 Christo
323 377 337 407 ,
382 330 521 414 quid
568 329 676 410 ipsi
723 339 1020 412 superest,
1070 327 1181 386 nisi
1208 338 1276 386 ut
1317 326 1379 385 in
1415 334 1766 407 perpetuum
1820 330 2083 381 arceatur
2125 343 2158 381 a

60 430 290 488 Christo
315 447 416 486 seu
461 422 534 483 ab
576 436 788 483 aeterna
835 422 1073 483 salute?
1112 418 1328 481 Verum
1374 420 1449 480 de
1497 418 1587 478 his
1638 420 1852 478 iterum
1884 462 1900 491 .,
1943 414 2044 474 ubi
2089 415 2164 475 de

67 523 408 582 necessitate
438 518 738 600 baptismi.
2145 530 2148 532 ·

876 663 1359 707 DIFFICULTATES.

145 819 281 879 825.
330 817 462 897 Obj.
514 818 738 900 prima⁷
779 838 811 875 a
851 814 1093 876 Calvino
1143 810 1391 896 prolata.
1433 814 1622 886 DeuS.,
1659 813 1807 870 Gen.
1849 807 2004 869 XVII
2029 855 2044 881 ,
2097 809 2166 882 77

63 910 354 974 Abraham
389 913 652 971 omnium
697 909 956 969 fidelium
1005 919 1235 991 patrem
1277 908 1356 967 sic
1393 904 1677 965 allocutus
1710 917 1797 965 est
1829 929 1842 963 z
1887 906 2169 965 Statuam

58 1019 307 1088 pactum
332 1029 532 1066 meum
555 1011 716 1064 inter
746 1027 837 1063 me
864 1015 918 1063 et
948 1015 999 1063 te
1017 1048 1034 1079 .‚
1069 1014 1123 1062 et
1143 1007 1306 1062 inter
1326 1020 1520 1061 semen
1548 1012 1726 1060 tuum
1739 1012 1876 1080 post
1899 1011 1950 1058 te
1983 1005 2055 1058 in
2073 1019 2169 1080 qe-

64 1104 477 1162 nerationihus
518 1107 639 1160 tuis
667 1146 683 1174 ,
727 1101 948 1180 foedere
999 1103 1386 1179 sempiterno,
1434 1107 1503 1155 ut
1537 1101 1656 1155 sim
1703 1098 1870 1156 Deus
1916 1106 2059 1154 tuus
2119 1105 2176 1152 et

64 1201 312 1256 seminis
336 1201 430 1255 tui
448 1205 586 1276 post
608 1203 661 1253 te
685 1219 710 1268 ,-
738 1193 1200 1253 Christianorum
1241 1211 1376 1272 ergo
1410 1190 1513 1250 filii
1546 1235 1563 1265 ‚
1604 1191 1705 1272 qui
1743 1201 1883 1249 sunt
1922 1211 1993 1249 ex
2029 1211 2171 1270 pro—

65 1291 392 1370 missione,
444 1289 814 1348 sanctitatem
852 1286 1078 1346 habent
1125 1307 1196 1345 ex
1234 1285 1454 1345 foedere
1498 1284 1895 1366 sempiterno,
1943 1284 2006 1341 in
2051 1305 2169 1365 quo

67 1396 204 1443 sunt
260 1383 495 1443 inclusi.·
528 1383 595 1441 20
641 1384 830 1455 Quare
878 1391 1126 1440 testatur
1176 1375 1483 1462 Apostolus
1511 1425 1527 1454 ‚
1582 1381 1606 1438 I
1647 1379 1775 1438 Cor.
1831 1380 1973 1451 VII,
2039 1377 2114 1436 14
2152 1401 2170 1442 ,ε

72 1481 489 1558 Sanctificatus
519 1489 602 1536 est
615 1478 979 1556 virinfidelis
998 1497 1111 1554 per
1123 1477 1435 1533 mulierem
1448 1474 1702 1552 fidelem.
1717 1517 1755 1532 ..
1778 1475 2048 1553 alioquin
2056 1473 2183 1551 filii

70 1579 252 1632 vestri
278 1574 591 1631 immundi
611 1583 828 1642 essent,
865 1591 1034 1628 nuno
1063 1580 1266 1628 autem
1294 1572 1492 1627 sancti
1528 1580 1690 1628 sunt.
1729 1567 1859 1627 Sola
1893 1568 2066 1647 igitur
2093 1563 2173 1626 al-

71 1668 345 1727 terutrius
403 1665 660 1749 parentis
726 1664 1030 1725 sanctitate
1072 1663 1135 1722 id
1192 1673 1630 1744 consequuntur
1671 1662 1795 1722 sine
1851 1662 2168 1744 baptismo.

77 1762 509 1841 Quamobrem,
553 1760 744 1841 inquit
787 1758 1061 1821 Calvinus
1081 1804 1098 1832 ,
1154 1763 1309 1817 siout
1355 1758 1721 1819 Judoeorum
1762 1759 1947 1817 liberi
1962 1803 1977 1832 ‚
2016 1757 2179 1835 quod

66 1858 194 1934 ejus
227 1855 473 1934 foederis
511 1855 766 1912 hoeredes
808 1853 980 1933 (cum
1031 1851 1323 1911 Abraham
1356 1853 1542 1934 initi)
1573 1854 1735 1931 facti
1750 1897 1766 1926 ,
1830 1853 1909 1910 ab
1958 1853 2168 1930 impio—

69 1971 214 2007 rum
237 1950 443 2007 liberis
467 1949 973 2021 discernerentur,
1000 1966 1195 2004 semen
1222 1958 1499 2006 sanctum
1527 1947 1900 2005 vocabantur
1918 1991 1934 2020 ,
1967 1945 2172 2004 eadem

69 2048 249 2101 etiam
300 2065 466 2101 nuno
508 2045 739 2100 ratione
770 2045 969 2100 saneti
999 2051 1314 2098 censentur
1342 2040 1828 2114 Christianorum
1873 2041 2059 2099 liberi
2087 2041 2177 2097 vel

70 2138 251 2196 altero
283 2137 601 2196 dumtaoeat
616 2146 869 2215 parente
888 2137 1083 2216 qeniti
1101 2177 1116 2208 ‚
1158 2145 1215 2192 et
1237 2136 1506 2214 Apostoli
1527 2139 1857 2194 testimonio
1884 2135 2179 2213 differunt

74 2233 154 2290 ab
176 2232 490 2290 immundo
533 2231 993 2290 idololatrarum
1036 2233 1259 2288 semine
1284 2230 1394 2310 (l).

156 2327 295 2385 826.
342 2328 512 2406 Resp.
559 2323 645 2384 Ad
690 2326 788 2400 1¹¹²,
823 2324 977 2383 Dist.
1010 2323 1473 2382 Christianorum
1521 2324 1662 2396 filii,
1698 2324 1801 2382 filii
1843 2322 2170 2405 spirituales

75 2420 317 2480 Abrahae
341 2432 479 2479 sunt
501 2423 939 2500 reyeneratione
961 2464 976 2493 .,
1003 2439 1187 2493 cono.;
1225 2417 1440 2477 carnali
1475 2419 1782 2480 nativitate
1802 2463 1818 2493 .,
1854 2439 1986 2497 neq.
2023 2416 2181 2477 Alio-

143 2652 218 2721 (l)
250 2652 421 2700 Instit.
454 2651 539 2699 lib.
579 2667 657 2710 w,
688 2668 789 2715 cap.
832 2667 848 2697 1
906 2684 922 2711 ‚
963 2648 990 2716 §
1024 2647 1074 2697 6.
1158 2658 1322 2709 utero,
1359 2658 1404 2697 et
1438 2649 1608 2697 horum
1641 2647 1863 2713 deinceps
1892 2646 2076 2712 posteri
2106 2620 2174 2692 ad

78 2729 348 2783 Cfrsl‘etav.
364 2733 450 2782 lib.
467 2736 545 2781 cit.
567 2749 668 2796 cap.
704 2749 720 2779 1
738 2748 753 2779 ι
779 2769 792 2790 ,
816 2728 842 2797 ὃ
873 2747 899 2795 7
923 2767 937 2790 ,
965 2731 1044 2779 ubi
1057 2766 1074 2791 ,
1159 2728 1264 2778 illos
1283 2747 1448 2795 usque,
1471 2746 1582 2778 oum
1607 2730 1769 2777 eadem
1787 2729 2040 2776 sanctitate
2070 2727 2178 2773 nati

78 2826 428 2864 commemorata
465 2814 648 2863 Calvini
679 2831 732 2861 ac
762 2813 963 2861 Molinaei
994 2813 1076 2859 hae-

79 2897 218 2943 retica
232 2896 431 2944 doctrina
448 2933 461 2956 ‚
477 2899 541 2944 sic
554 2911 630 2943 eos
646 2897 906 2959 perstringit
926 2911 939 2941 τ
966 2894 1079 2959 Qua

78 2992 138 3024 ex
180 2975 390 3040 qenerali
427 2986 472 3025 et
505 2975 720 3025 absoluta
767 2975 1045 3040 definitione
1060 3009 1077 3035 ,

78 3057 266 3123 qualem
279 3057 414 3106 ambo
428 3059 512 3107 isti
523 3060 802 3123 concipiunt
810 3093 826 3119 ‚
845 3059 1077 3122 sequitur,

80 3137 123 3185 J
121 3138 281 3186 udaeos
297 3155 455 3186 omnes
470 3174 487 3199 ‚
519 3142 606 3204 qui
622 3139 896 3188 Dominum
921 3139 1082 3187 cruci-

76 3221 293 3284 fixerunt
308 3257 322 3279 ‚
338 3236 395 3267 ac
409 3219 589 3268 Judam
609 3222 768 3288 ipsum
783 3216 1077 3282 traditorem,

85 3311 130 3349 et
164 3309 350 3349 sanctos
382 3309 426 3349 et
468 3301 619 3350 salvos
662 3306 863 3352 omnino
890 3304 1045 3368 fuisse
1065 3341 1079 3362 ,

84 3390 242 3447 utpote
273 3383 587 3446 sanctificatos
609 3386 667 3431 in
700 3376 846 3433 utero,
875 3385 1004 3434 Nam
1021 3385 1081 3432 ab

71 3463 364 3511 *Abrahamo
380 3499 397 3525 ,
433 3467 602 3513 Isaaeo
635 3474 680 3513 et
712 3463 887 3515 Iacobo
925 3483 1085 3515 omnes

86 3545 286 3593 oriundi
306 3553 420 3593 sunt
442 3549 564 3594 viris
596 3550 914 3596 sanctissimis
927 3566 948 3609 ‚-
966 3566 1082 3612 quo·

71 3641 194 3674 sum
223 3627 432 3692 proinde
462 3628 561 3692 filii
604 3638 648 3676 et
695 3631 795 3694 ipsi
834 3632 994 3678 sancti
1029 3646 1087 3678 ex

1161 2820 1293 2861 sunt.
1329 2811 1382 2860 E
1382 2827 1413 2859 a
1431 2828 1577 2877 porro
1609 2809 1700 2858 ubi
1724 2808 1865 2857 semel
1891 2809 2081 2856 animos
2095 2823 2174 2854 oo·

1122 2897 1127 2901 ’
1161 2895 1388 2959 captivit,
1421 2908 1674 2957 nunquam
1704 2891 1973 2951 amittitur,
2001 2897 2046 2936 et
2088 2883 2176 2935 ad-

1148 2978 1378 3042 junctam
1398 2973 1538 3023 habet
1551 2967 1964 3041 perseverantiam
1991 2988 2047 3019 oc
2072 2987 2174 3019 cer-

1161 3064 1262 3105 tam
1287 3055 1458 3106 salutis
1464 3057 1813 3122 possessionem
1831 3093 1846 3119 ‚
1865 3071 2033 3118 nempe
2041 3055 2172 3118 juxta

1164 3138 1491 3187 Calvinianum
1524 3140 1805 3203 principium
1843 3137 1902 3185 de
1939 3136 2177 3183 inamissi-

1161 3221 1339 3270 bilitate
1389 3221 1530 3269 semel
1585 3215 1760 3285 adeptae
1805 3217 2167 3284 justificationis.

1162 3301 1189 3369 §
1204 3301 1236 3351 8
1252 3303 1479 3363 ostendit,
1496 3319 1636 3368 qnam
1655 3301 1847 3349 mirifice
1878 3315 1985 3347 cum
2002 3286 2170 3345 semet·

1161 3386 1270 3453 ipsis
1322 3393 1542 3450 pugnent.
1587 3382 1684 3431 cfr.
1751 3383 1887 3430 etiam
1951 3377 2169 3426 Bellarm.

1164 3464 1244 3513 De
1268 3467 1430 3513 amiss.
1457 3471 1583 3531 qrat.
1614 3472 1658 3512 et
1682 3469 1808 3511 stata
1829 3475 1963 3526 pecc.
1985 3457 2071 3506 lib.
2103 3473 2151 3505 xv
2165 3493 2187 3518 ,

1163 3564 1265 3612 cap.
1306 3544 1382 3609 14.
