2580 4152
367 169 494 230 380

987 241 989 243 ,
1022 193 1216 234 rnAc‘r.
1262 196 1333 234 nr.
1378 197 1484 235 nno
1523 198 1830 240 cnnAroRn.

446 333 586 393 842.
635 337 762 393 Duo
787 333 882 391 hic
911 355 942 391 a
968 332 1137 393 nobis
1171 336 1502 417 praestanda
1527 350 1686 398 sunt.
1710 341 1789 400 Ac
1814 342 2005 423 primo
2032 339 2191 401 hunc‘
2218 343 2500 422 gravissi-‚

365 450 533 490 mum
562 429 701 488 fidei
715 439 930 487 nostrae
953 429 1265 494 articulum
1286 454 1660 514 propugnare
1685 455 1757 493 ex
1787 437 2096 520 Scripturis
2113 459 2177 496 ac
2203 450 2489 520 perpetua

365 524 629 583 Ecclesiae
674 523 991 584 traditione
1036 523 1317 585 debemus
1350 553 1366 602 ς
1421 528 1677 588 secundo
1735 530 2042 592 ostendere
2084 534 2278 615 ipsum
2326 533 2491 593 nullo

373 617 552 679 modo
589 630 763 679 rectae
794 620 1010 678 rationi
1039 620 1351 684 adversari.

448 713 589 791 843.
636 717 779 788 Quae
809 716 1153 798 priusquam
1190 717 1595 799 aggrediamur
1614 765 1629 795 ,
1678 730 1746 778 ut
1777 719 1947 779 nobis
1977 722 2153 782 moris
2183 734 2270 783 est
2295 770 2311 800 ,
2337 746 2497 784 non-—

366 808 531 870 nulla
549 856 564 885 ,
598 822 665 870 ut
690 833 1002 892 germanus
1033 813 1213 873 totius
1241 815 1650 877 controversiae
1691 826 1875 876 status
1904 817 2082 877 etiam
2110 828 2285 900 atque
2314 821 2490 880 etiam

367 918 631 988 patescat
657 953 673 982 ,
715 909 1157 987 praemittimus

453 1001 589 1060 844.
642 1004 703 1061 1ο
745 1005 1147 1080 Resurrectio,
1210 1027 1390 1086 quam
1435 1016 1671 1066 tuemur
1696 1052 1711 1082 ,
1770 1017 1858 1067 est
1898 1009 2305 1084 universalis,
2371 1019 2499 1070 tam

364 1101 658 1176 justorum
692 1099 909 1159 scilicet
952 1122 1130 1183 quam
1165 1100 1484 1183 impiorum
1513 1102 1625 1182 (l).

454 1194 595 1254 845.
644 1195 713 1253 20
757 1198 825 1254 In
855 1217 920 1256 ea
961 1219 1068 1256 nos
1111 1218 1424 1279 corporum
1462 1197 1702 1279 physica
1753 1198 2062 1259 identitate
2093 1220 2457 1280 resurgemus
2481 1245 2499 1277 ,

375 1312 552 1373 quam
591 1312 666 1350 ex
691 1291 801 1351 hac
828 1293 946 1352 vita
979 1292 1330 1353 decedentes
1367 1292 1778 1353 obtinebamus
1801 1341 1816 1371 ,
1848 1294 1993 1355 adeo
2018 1307 2084 1354 ut
2115 1317 2318 1355 omnes
2342 1296 2500 1356 idem

371 1386 609 1469 physice
635 1408 843 1470 corpus
869 1390 1228 1471 resumpturi
1245 1389 1450 1463 simuS,
1468 1389 1628 1472 quod
1653 1412 1761 1473 per
1787 1403 2040 1451 mortem
2061 1392 2381 1450 amisimuS.
2412 1390 2502 1451 Ad

374 1480 487 1541 hoc
509 1495 707 1542 autem
732 1505 969 1544 necesse
1000 1506 1121 1543 non
1156 1494 1280 1559 est,
1311 1496 1379 1543 ut
1410 1506 1614 1544 omnes
1641 1496 1701 1544 et
1729 1486 1984 1566 singulas
2019 1487 2279 1546 materiae
2315 1487 2507 1568 parti-

375 1577 533 1637 culas
565 1601 666 1638 seu
687 1625 702 1655 ,
729 1590 796 1637 ut
812 1591 1027 1640 vocant
1055 1626 1070 1655 ,
1096 1579 1414 1639 moleculas
1434 1625 1449 1655 ,
1481 1579 1693 1662 quibus
1714 1602 1955 1663 corpora
1982 1591 2182 1639 nostra
2204 1592 2511 1657 constant,

375 1675 532 1735 Deus
574 1676 887 1751 restituat,
919 1675 1023 1736 sed
1049 1675 1123 1735 ad
1170 1697 1301 1736 eam
1338 1674 1713 1736 identitatem
1748 1675 2177 1736 restituendam
2198 1676 2356 1736 satis
2389 1688 2500 1751 est,

446 1894 515 1963 (1)
554 1895 621 1944 Eo
664 1914 800 1946 sensu
830 1897 1033 1946 diximus
1067 1896 1166 1945 fore
1198 1897 1394 1944 univer-

379 1977 524 2027 salem
562 1982 975 2041 resurrectionem,
1024 1989 1254 2046 quatenus
1297 1997 1395 2027 non

382 2061 532 2110 solum
548 2064 681 2129 justi,
703 2062 783 2110 sed
799 2063 999 2128 improbi
1018 2080 1206 2129 quoque
1226 2061 1397 2110 debent

380 2162 615 2193 resumere
667 2162 858 2210 corpora
901 2163 983 2193 sua
1002 2183 1015 2207 ‚
1067 2155 1167 2193 tum
1208 2155 1259 2192 ut
1309 2162 1395 2192 nos

383 2244 717 2292 opponeremus
731 2227 969 2276 nonnullis
981 2229 1181 2293 antiquis
1197 2226 1397 2276 Hebraeis

384 2319 432 2359 et
457 2309 678 2359 haereticis
692 2345 709 2372 ‚
733 2310 1083 2359 autumantibus
1104 2347 1117 2370 ‚
1150 2310 1269 2358 solos
1293 2313 1398 2375 jus·

385 2402 455 2441 tos
493 2409 589 2442 esse
626 2404 988 2454 resurrecturos,
1028 2410 1158 2442 secus
1197 2411 1250 2441 ac
1287 2392 1400 2440 fides

386 2475 551 2535 docet,
584 2486 685 2523 tum
704 2485 755 2524 ut
772 2473 1112 2525 declinaremus
1136 2475 1403 2540 discrepan-

388 2568 455 2607 tes
471 2550 818 2607 Catholicorum
844 2564 1092 2606 sententias
1113 2560 1236 2606 circa
1251 2573 1404 2623 quaes-

389 2644 563 2691 tionem
584 2639 641 2689 de
662 2651 808 2689 morte
822 2639 881 2689 ab
898 2640 1118 2689 omnibus
1139 2639 1402 2688 subeunda.

390 2725 577 2776 Etenim
595 2744 692 2775 non
722 2728 858 2791 pauci
892 2743 945 2774 ex
975 2727 1180 2792 antiquis
1196 2733 1403 2783 censent,

391 2827 491 2859 non
518 2827 615 2859 esse
647 2811 892 2857 morituros
923 2825 998 2856 eos
1017 2844 1032 2871 ,
1057 2825 1174 2874 quos
1200 2807 1297 2855 dies
1329 2824 1409 2854 su-

392 2910 581 2959 premus
610 2895 732 2940 inter
760 2894 886 2941 vivos
917 2893 1142 2956 reperiet,
1180 2891 1264 2938 etsi
1291 2891 1410 2937 exis·

395 2978 563 3024 timent
602 2992 763 3024 omnes
803 2975 900 3023 fore
938 2973 1256 3022 immutandos
1282 2975 1411 3038 juxta

397 3060 529 3122 graeci
554 3067 704 3107 textus
731 3058 975 3106 lectionem
991 3093 1004 3115 ‚
1030 3073 1047 3103 1
1065 3055 1171 3104 Cor.
1189 3073 1247 3103 xv
1266 3092 1279 3115 ,
1311 3052 1369 3119 ἧι
1395 3070 1409 3102 2

397 3139 566 3190 nime
592 3144 677 3202 μέν
705 3139 753 3188 ου’
781 3136 1206 3203 κοιμηθηνᾶμεθοι,
1238 3133 1401 3189 πάντες

399 3220 461 3272 δὲ
491 3219 895 3285 ἆλλαγησέμεθα.
916 3222 1030 3272 Non
1047 3238 1209 3270 omnes
1223 3220 1417 3285 quidem

398 3306 692 3355 dormiemus
709 3341 726 3367 ,
756 3322 916 3353 ornnes
951 3314 1112 3353 tamen
1134 3304 1418 3353 immutabi-

402 3406 531 3438 mur.
588 3387 689 3454 Quo
740 3388 908 3453 pariter
966 3403 1105 3435 sensu
1155 3386 1421 3450 intelligunt

400 3471 520 3521 illud
548 3472 755 3538 ejusdem
795 3472 956 3535 Apost.
983 3487 999 3517 1
1032 3469 1196 3517 Thess.
1235 3484 1279 3515 lv
1301 3505 1314 3526 ,
1361 3463 1418 3514 15

400 3563 449 3603 et
480 3572 613 3620 seqq.
659 3570 672 3601 :
722 3552 945 3614 Mortui,
994 3552 1083 3615 qui
1125 3551 1180 3597 in
1232 3549 1423 3599 Christo

403 3644 549 3698 sunt,
589 3644 835 3700 resarqent
864 3634 1039 3702 primi.
1075 3631 1271 3681 Deinde
1302 3648 1389 3679 nos
1409 3666 1424 3694 ,

404 3722 495 3788 qui
522 3722 754 3784 vivimus,
786 3722 876 3786 qui
912 3718 1256 3784 relinquimur,
1279 3715 1431 3765 simul

1480 1897 1735 1961 rapiemur
1753 1912 1862 1944 cum
1878 1895 1980 1944 illis
2001 1898 2058 1944 in
2073 1895 2284 1944 nubibas
2310 1895 2508 1943 obviam*

1484 1978 1675 2027 Christo
1690 1981 1746 2026 in
1774 1995 1906 2027 aera.
1928 1976 2143 2028 Graecev.
2164 1979 2224 2026 16
2250 1979 2336 2026 :oi
2363 1976 2507 2045 νεκςοὶ

1483 2061 1526 2112 εἰ*
1540 2067 1721 2130 Χςιστᾴῖ
1740 2059 2081 2116 ductario-otras
2109 2057 2505 2126 πρῶτον.νΕπει·ι-οι

1483 2143 1614 2208 ripaeis
1681 2146 1718 2194 οἱ
1773 2143 1937 2206 ζῶντες
1996 2145 2033 2192 οἱ
2096 2140 2463 2210 meumes-offiano!
2486 2179 2500 2202 ,

1484 2223 1587 2292 οἶμαι
1629 2224 1705 2277 σὺ
1746 2227 1896 2276 aiv-02⁸5
1935 2223 2318 2293 οἶςπαγησᾶμεθοι
2367 2226 2406 2274 ἐν
2439 2245 2505 2274 u-

1486 2309 1654 2374 φίλους
1701 2314 1759 2359 εἷς
1804 2306 2059 2364 ἀπάντησιν
2105 2316 2186 2358 τοῦ
2239 2305 2396 2375 Κυςιόυ
2441 2310 2499 2356 εἰς

1486 2392 1620 2461 ae'e'gae.
1660 2393 1751 2442 Ubi
1798 2390 2045 2458 Apostolus
2087 2391 2293 2457 loquitur
2329 2393 2381 2438 in
2411 2408 2509 2455 per·

1489 2495 1600 2525 sona
1644 2492 1804 2525 eorum
1827 2512 1842 2536 ,
1878 2477 1960 2541 qui
1986 2484 2100 2522 tunc
2137 2476 2227 2522 vivi
2277 2475 2509 2539 reperien-

1490 2571 1585 2610 tur.
1617 2558 1754 2625 Quod
1785 2559 2098 2623 significatum
2123 2558 2293 2622 pariter
2311 2561 2513 2604 conten-

1492 2644 1611 2692 dunt
1627 2645 1676 2690 in
1693 2640 1928 2708 Symbolis
1947 2639 2229 2705 Apostolico,
2246 2637 2512 2688 Constanti-

1493 2725 1763 2790 nopolitano
1788 2734 1832 2772 et
1862 2720 2178 2771 Athanasiano
2198 2721 2289 2769 illis
2323 2719 2508 2769 verbis:

1501 2807 1607 2874 Qui
1641 2816 1875 2854 venturus
1912 2812 1982 2852 est
2015 2804 2249 2871 judicare
2297 2803 2429 2850 vivos
2470 2809 2514 2849 et

1494 2897 1721 2937 mortuos.
1745 2887 2022 2936 Consulatur
2049 2886 2203 2934 Estius
2235 2887 2285 2932 in
2300 2902 2346 2932 iv
2362 2922 2375 2946 ,
2405 2885 2511 2932 dist.

1497 2969 1561 3035 43
1580 3010 1592 3029 ,
1610 2969 1635 3036 §
1657 2988 1682 3037 7
1708 3008 1721 3030 .,
1741 2972 1823 3036 qui
1849 2972 2047 3034 ingenue
2065 2968 2249 3027 fatetur,
2267 2966 2394 3033 quod
2418 2966 2518 3014 haec

1497 3055 1695 3118 qaeestio
1725 3068 1822 3100 non
1830 3068 2011 3117 parum
2037 3049 2176 3098 habet
2192 3047 2514 3114 difficultatis,

1499 3138 1598 3184 sive
1611 3136 1889 3201 Scripturas
1914 3135 2013 3182 sive
2037 3129 2245 3180 Patram
2259 3131 2520 3179 sententias

1501 3216 1822 3267 consulamus.
1868 3216 2092 3281 Expensis
2130 3233 2237 3265 vero
2279 3216 2520 3278 utriusque

1505 3303 1742 3351 sententiae
1773 3303 2039 3359 momentis,
2077 3300 2215 3363 longe
2238 3295 2521 3363 probabilio-

1506 3403 1602 3434 rem
1637 3384 1883 3432 arbitratur
1913 3385 2184 3447 opinionem
2217 3396 2377 3429 eorum
2396 3415 2409 3437 ‚
2441 3378 2521 3442 qui

1508 3470 1715 3518 sentiunt
1739 3485 1898 3517 omnes
1915 3470 2107 3517 omnino
2132 3482 2227 3514 esse
2255 3465 2520 3511 morituros.

1507 3550 1605 3599 cfr.
1649 3552 1787 3601 etiam
1822 3550 1873 3602 S.
1922 3550 2095 3599 Thom.
2141 3544 2315 3613 Suppl.
2341 3563 2388 3611 q.
2423 3540 2518 3606 78,

1509 3644 1597 3684 art.
1649 3650 1690 3681 ι.
2287 3668 2289 3670 ,
