2580 4152
285 252 327 309 4
943 271 1140 310 rnAcT.
1188 273 1257 309 nr.
1300 274 1405 310 nno
1448 273 1755 313 emmona.

294 426 355 476 et
367 412 569 474 crebra
585 414 652 471 fit
665 412 909 472 mentiO.
931 412 1148 472 Ceteris
1164 413 1377 490 missis,
1393 413 1540 472 illud
1557 415 1924 496 potissimum
1941 437 2234 496 urgemm,
2253 417 2413 498 quod

292 509 604 592 Apostolus
634 508 697 567 in
723 509 828 590 Ep.
860 507 935 566 ad
958 507 1137 566 Hebr.
1170 529 1295 590 cap.
1332 510 1378 583 Ι,
1412 510 1667 569 instituit
1682 523 2093 591 argumentum
2109 512 2182 570 acl
2201 512 2414 570 Christi

288 626 417 681 prae
452 603 685 684 Angelis
721 601 1126 663 excellentiam
1166 604 1600 664 ostendendam
1628 652 1643 681 ‚
1690 606 1848 687 quod
1893 626 2108 688 nempe
2152 606 2415 666 Christus

292 702 496 761 Filius
530 701 679 774 Dei,
715 697 919 778 Angeli
962 719 1098 758 vero
1127 700 1412 758 Ministri
1444 701 1548 760 Dei
1581 712 1816 759 tantum
1844 702 1907 759 in
1941 702 2249 783 Scripturis
2279 723 2416 784 per-

294 794 597 856 hibentur.
633 797 823 867 Quare
859 793 1068 852 merito
1094 793 1244 852 dixit
1279 796 1334 852 S.
1371 796 1723 874 Augustinus
1753 819 1766 853 ι
1803 798 1948 856 Esse
1979 799 2230 877 Anyelos
2256 800 2418 855 novi-

292 913 433 951 mus
456 913 526 950 ea·
556 891 694 968 fide.
711 934 749 946 ..
784 910 892 948 nec
915 890 1057 947 inde
1087 889 1368 948 dubitare
1385 893 1489 968 fas
1520 892 1691 949 nobis
1713 903 1795 950 est
1815 891 1926 973 (1).

377 988 434 1046 5.
458 985 631 1067 Apud
654 1006 857 1044 omnes
880 985 1001 1044 fere
1026 996 1227 1064 gentes
1254 985 1551 1065 vulgatam
1576 986 1749 1045 fuisse
1772 985 1951 1046 fidem
1975 986 2048 1046 de
2067 989 2419 1068 Angelorum

295 1082 627 1155 existentia,
654 1080 898 1140 indubia
926 1092 1307 1140 monumenta
1337 1093 1648 1141 testantur.
1676 1083 2067 1143 Tertullianus
2099 1085 2253 1144 inter
2280 1087 2420 1145 alios

294 1180 374 1239 ait
417 1201 431 1237 :
479 1179 765 1238 Dicimus
792 1198 908 1236 esse
944 1179 1317 1236 substantias
1356 1180 1655 1256 quasdam
1691 1182 2028 1258 spiritale33
2070 1203 2175 1239 nec
2207 1202 2423 1241 nomen

291 1297 519 1335 novum
543 1284 644 1333 est.
666 1274 888 1332 Sciunt
905 1275 1209 1334 doemonas
1219 1274 1563 1353 philosophi
1578 1320 1593 1348 ,
1621 1275 1858 1333 Socrate
1881 1279 2008 1354 ipso
2030 1277 2116 1334 ad
2138 1278 2430 1335 dcemonii

292 1371 633 1430 arbitrium
672 1379 1083 1448 expectante...
1127 1357 1432 1429 doemonas
1466 1374 1670 1428 sciunt
1693 1376 1917 1450 poetoe3
1962 1376 2174 1451 etjam
2211 1375 2425 1452 vulqus

296 1467 610 1525 indoctum
630 1469 701 1524 in
723 1487 904 1524 usum
933 1467 1244 1524 maledicti
1261 1470 1679 1545 frequentat...
1709 1468 1963 1547 Auyelos
1990 1489 2220 1546 quoque
2243 1471 2427 1527 etiam

297 1563 475 1621 Plato
510 1582 632 1620 raon
677 1564 952 1640 neqavit;
985 1565 1300 1640 utriusque
1342 1565 1606 1620 nominis
1643 1574 1804 1620 testes
1840 1584 1955 1620 esse
1984 1565 2073 1621 vel
2111 1568 2282 1643 mayi
2314 1564 2427 1621 ad·-

299 1667 445 1718 sunt
469 1656 578 1738 (2).
611 1656 699 1715 Sic
739 1656 1062 1737 Cyprianus
1104 1677 1200 1716 eos
1241 1679 1274 1715 a
1316 1658 1497 1737 magis
1529 1658 1947 1739 antiquissimis
1968 1704 1984 1733 ,
2025 1658 2088 1715 in
2117 1659 2321 1740 primis
2353 1657 2427 1717 ab

300 1753 563 1811 Hostane
620 1763 974 1810 memoratos
1013 1773 1137 1811 esse
1183 1752 1437 1811 affirmat
1480 1752 1570 1811 his
1599 1751 1813 1814 ⁴verbis,
1857 1775 1870 1809 τ
1923 1754 2198 1833 Quorum
2232 1765 2430 1814 tamen

289 1854 651 1930 proecipuus
681 1849 977 1907 Hostanes
1005 1856 1061 1906 et
1069 1852 1341 1927 formam
1367 1853 1496 1907 veri
1519 1850 1636 1909 Dei
1661 1861 1833 1930 πεῖραι
1857 1853 2126 1929 conspici
2139 1871 2309 1929 posse
2328 1895 2344 1924 ,
2379 1859 2434 1909 et

300 1946 555 2026 Anyelos
576 1965 738 2003 veros
760 1944 887 2003 sedi
900 1965 1028 2023 eyus
1041 1945 1196 2003 dicit
1212 1948 1499 2004 assistere.
1526 1945 1608 2004 In
1630 1966 1744 2024 quo
1768 1956 1821 2003 et
1838 1946 2011 2005 Plato
2024 1949 2179 2025 pari
2198 1949 2433 2005 ratione

301 2044 614 2114 consentit,
644 2051 698 2098 et
723 2061 924 2098 unum
954 2040 1152 2099 Deum
1181 2061 1425 2099 servans
1443 2086 1458 2115 .,
1494 2052 1704 2100 ceteros
1728 2042 1982 2121 Anqelos
2011 2043 2101 2099 vel
2130 2043 2433 2101 daemonas

302 2138 456 2195 dicit
504 2134 613 2215 (3).
658 2134 901 2210 Thales,
943 2146 1009 2193 ut
1051 2136 1230 2195 refert
1276 2135 1671 2216 Athenagoras
1706 2182 1721 2211 7
1782 2136 2066 2195 trifariam
2108 2138 2433 2218 superiores

305 2230 663 2290 substantias
713 2252 918 2290 omnes
955 2230 1169 2291 dividit
1203 2254 1215 2289 ε
1271 2233 1353 2291 Iri
1401 2233 1634 2303 Deum,
1685 2238 1756 2291 iu
1815 2233 2143 2307 daemones,
2200 2235 2271 2290 in
2334 2234 2434 2290 he—

302 2348 431 2386 roes
452 2326 567 2407 (4).
600 2326 894 2386 Hierocles
912 2372 928 2402 ,
954 2328 1059 2386 Ad
1082 2349 1277 2387 aurea
1307 2328 1669 2407 Pythaqmw
1707 2332 1994 2386 carmina
2013 2375 2029 2402 7
2074 2327 2319 2408 Angelos
2361 2326 2433 2385 ab

303 2424 431 2506 ipso
460 2422 786 2503 Pythagora
812 2425 1180 2482 immortales
1206 2425 1393 2495 Deos,
1425 2445 1458 2481 a
1486 2445 1716 2482 summo
1742 2435 1942 2483 tamen
1979 2426 2099 2482 Deo
2130 2424 2393 2482 conditos
2413 2468 2428 2497 ,

306 2517 633 2602 appellatos
662 2519 836 2578 fuisse
867 2530 1152 2593 testatur,
1183 2541 1327 2602 quos
1363 2518 1638 2578 colendos
1665 2520 1952 2602 praecipit.
1986 2519 2207 2601 Orphei
2227 2530 2287 2579 et
2319 2520 2430 2578 He-

306 2615 453 2676 siodi
481 2615 739 2675 earmina
769 2615 1011 2674 inferius
1041 2614 1310 2674 dabimus
1342 2614 1452 2695 (5).
2285 2618 2288 2622 ’
2491 2691 2495 2694 ἢ

393 2711 449 2770 6.
469 2711 643 2771 Indos
659 2711 1029 2771 existentiam
1054 2711 1405 2791 Angelorum
1421 2722 1640 2770 certam
1653 2710 1923 2771 habuisse
1938 2710 2236 2792 explorata
2257 2710 2429 2769 modo

309 2829 403 2868 res
427 2819 515 2867 est
539 2808 649 2890 (6).
680 2808 769 2867 Sic
783 2808 1049 2867 doctrina
1072 2806 1145 2867 de
1165 2807 1519 2888 Angelorum
1544 2809 1665 2870 sive
1681 2806 1972 2866 bonorum
1996 2805 2117 2865 sive
2141 2805 2432 2866 malorum

313 2903 620 2963 existentia
645 2915 733 2962 est
754 2902 938 2963 veluti
963 2903 1418 2963 fundamentum
1438 2903 1614 2962 totius
1641 2902 1943 2981 theologiae
1960 2913 2228 2963 veterum
2251 2920 2322 2960 ao·
2338 2924 2434 2961 re-

315 3001 641 3059 centiorum
682 2999 1070 3058 Orientalium
1111 2999 1235 3079 (7)3
1277 3020 1386 3057 nee
1422 2998 1637 3057 desunt
1675 2998 1847 3076 hujus
1882 2997 2164 3056 doctrinae
2196 2997 2435 3076 vestigia

315 3094 476 3177 apud
500 3096 654 3176 ipsos
697 3093 991 3156 silvestres
1020 3094 1391 3154 Americanos
1428 3093 1538 3175 (8)

386 3259 455 3323 (1)
492 3258 606 3307 Loc.
635 3261 714 3308 eit.
752 3300 762 3309 .
1426 3277 1531 3324 cap.
1573 3275 1616 3308 1.

388 3339 986 3405 (2)Apoloq.cap.22‚p.21
1011 3341 1340 3407 edit.Rigaltii.
1495 3328 1555 3391 (6)
1595 3329 1661 3376 lta
1692 3327 1861 3376 fatetur
1890 3328 2060 3392 impius
2096 3338 2254 3376 auem?
2290 3330 2435 3393 Operis

386 3422 455 3488 (3)
487 3421 569 3470 De
598 3422 836 3472 idolorum
859 3425 1074 3472 vanitate
1092 3460 1105 3485 ‚
1131 3442 1182 3490 P·
1221 3421 1338 3485 226,
1423 3409 1629 3458 Resume'
1645 3410 1699 3458 de
1714 3408 1945 3457 l’histoire
1960 3409 2040 3456 des
2058 3409 2314 3458 traditione
2336 3426 2437 3458 mo·

322 3504 437 3554 edit·
469 3504 620 3561 Mam-9
650 3504 751 3553 par·
785 3503 934 3572 1726·
967 3527 970 3534 ,
1423 3492 1546 3540 rales
1562 3493 1888 3557 et‘reliqieuses
1906 3492 2019 3540 chez
2034 3491 2191 3540 divers
2211 3491 2436 3558 peuples,

389 3587 457 3651 (It)
492 3586 549 3635 In
566 3570 736 3651 Legat.
751 3603 843 3653 pro
864 3585 1047 3636 Christ.
1075 3604 1211 3636 num.
1241 3588 1303 3636 23
1322 3626 1336 3650 ‚
1424 3574 1549 3623 Paris
1584 3573 1727 3624 ¹825·

322 3677 439 3717 tom.
465 3686 534 3731 ιι,
578 3668 716 3719 Bibl.
769 3669 981 3718 Patrum
1021 3669 1134 3720 edit.
1169 3670 1339 3721 Venet.
1493 3657 1559 3721 (7)
1596 3656 1694 3706 Cfr·
1726 3657 1924 3723 R³m⁸³y
1944 3695 1956 3710 ³
1989 3655 2046 3703 V
2042 3674 2209 3722 ⁰y09⁰⁸
2249 3656 2307 3703 ‘1⁰
2339 3655 2440 3720 Cy·

259 3779 264 3785 .
321 3767 373 3815 p,
397 3748 484 3814 24,
1426 3756 1528 3800 rus,
1548 3757 1601 3788 ac
1622 3738 1861 3788 Discours
1874 3757 1961 3788 sur
1974 3739 2022 3788 la
2042 3738 2437 3804 mytholoqie‚etc.

395 3831 459 3899 (5)
497 3831 596 3884 cfr,
622 3832 781 3885 petav·
811 3833 893 3885 De
931 3832 1108 3901 Anqel,
1148 3834 1234 3885 lib,
1287 3852 1305 3883 1
1326 3872 1339 3898 ²
1497 3821 1562 3885 (8)
1598 3819 1720 3872 Carli
1751 3821 1908 3886 Rubi,
1942 3822 2128 3872 Lettere
2154 3823 2440 3872 americane.
