2580 4152
428 150 590 187 PART.
637 149 728 184 111.
778 147 901 184 CAP.
936 147 1017 185 vl.
1063 147 1132 183 DE
1175 144 1402 183 FUTURA
1445 145 1678 183 HOMINIS
1719 146 1876 187 VITA.

2058 132 2175 192 367

58 294 292 365 sistere,
323 288 395 348 ab
417 287 755 347 Innocentio
777 287 857 346 III
882 287 971 345 his
1001 284 1194 347 verbis
1226 308 1240 344 z
1277 287 1470 345 Poena
1503 289 1824 367 originalis
1836 295 2073 367 peceati
2097 303 2181 349 esc

67 389 339 446 carentia
364 386 609 443 visionis
625 383 764 454 Dei3
783 381 1040 440 actualis
1053 401 1187 440 vero
1199 386 1628 460 poenapeccati
1645 392 1730 440 est
1745 383 2027 461 qehennoe
2039 406 2180 465 per-

61 492 258 562 petum
297 484 606 536 eructatus
649 476 755 557 (1).
801 474 1142 535 Scholarum
1189 485 1386 534 autem
1413 477 1708 558 principes
1753 480 1959 538 Petrus
1996 480 2178 541 Lom-

68 574 283 634 bardus
313 571 437 653 (2),
467 573 524 630 S.
576 571 826 630 Thomas
861 569 985 651 (3),
1027 571 1083 629 S.
1122 571 1534 629 Bonaventura
1574 571 1662 652 (4)
1693 617 1709 647 ,
1747 574 1948 633 Scotus
1998 575 2089 657 (5)
2118 589 2180 638 et

69 671 274 749 ingens
300 668 676 748 antiquorum
705 667 851 724 acies
875 710 890 738 .,
924 665 1024 745 qui
1059 685 1154 723 eos
1188 665 1370 723 secuti
1397 676 1538 723 sunt
1560 711 1576 740 7
1616 667 1663 725 si
1708 689 1895 727 unum
1938 670 2178 733 fortasse

64 762 315 843 excipias
339 761 680 840 Gregorium
713 759 1138 819 Ariminensem
1164 804 1181 833 7
1216 759 1310 817 cui
1334 770 1640 841 propterea
1682 783 1901 822 nomen
1922 765 2181 829 inditum

63 879 190 916 esse
207 862 443 917 tortoris
468 859 834 929 infantium,
855 866 922 913 ut
942 854 1125 913 refert
1142 853 1354 912 Paulus
1371 855 1603 936 Sarpius
1619 857 1733 937 (6),
1747 863 2046 921 communi
2062 863 2180 922 suf-

66 953 243 1031 fragio
263 951 513 1010 infantes
528 972 650 1009 non
669 949 990 1031 baptizatos
1028 971 1060 1007 a
1104 969 1306 1007 sensus
1338 970 1518 1031 poena
1555 951 1858 1029 eximunt,
1897 976 1963 1015 ac
1993 957 2179 1019 solam

62 1068 304 1128 poenam
341 1045 540 1105 damni
571 1044 778 1104 iisdem
811 1054 1134 1104 reservant.
1541 1114 1544 1118 .

146 1141 286 1201 813.
339 1142 546 1199 Verum
579 1150 639 1199 et
673 1139 820 1198 circa
851 1139 1004 1198 hanc
1039 1138 1227 1218 ipsam
1262 1160 1504 1220 poenam
1541 1139 1743 1227 damni
1778 1143 2036 1228 theologi
2067 1151 2178 1208 mi-

61 1237 221 1295 nime
240 1235 396 1295 inter
415 1255 478 1293 se
494 1234 922 1293 consentientes
945 1233 1351 1292 inveniuntur.
1391 1233 1583 1315 Aliqui
1612 1238 1772 1295 enim
1802 1259 1935 1299 cum
1959 1242 2181 1304 Bellar-

69 1332 230 1389 mino
259 1328 347 1409 (7)
367 1327 730 1387 arbitrantur
748 1372 764 1402 ,
793 1325 1077 1405 ejusmodi
1106 1327 1361 1387 infantes
1383 1330 1619 1388 tristitia
1649 1331 1842 1415 aliqua
1864 1355 1935 1394 ex
1958 1358 2023 1396 ea
2052 1340 2180 1419 pri-

65 1424 298 1485 vatione
334 1422 518 1495 affici3
556 1421 652 1481 alii
694 1433 890 1481 autem
938 1441 1071 1480 cum
1110 1422 1170 1480 S.
1206 1422 1427 1481 Thoma
1459 1423 1519 1483 id
1555 1438 1756 1506 aperte
1790 1443 2009 1510 negant
2041 1434 2176 1515 (8);

63 1519 182 1577 imo
241 1539 308 1577 eo
356 1538 539 1597 usque
593 1516 1049 1598 progrediuntur
1082 1516 1436 1576 Catharinus
1497 1519 1588 1600 (9)
1628 1532 1688 1579 et
1739 1523 1906 1583 Card.
1975 1527 2181 1587 Sfron-

62 1610 397 1690 drati(10),
439 1622 506 1670 ut
531 1610 934 1671 omnimodam
969 1610 1301 1671 naturalem
1349 1612 1716 1692 felicitatem,
1763 1640 1893 1700 quae
1935 1630 2066 1681 tum
2104 1624 2181 1685 ad

57 1707 323 1765 animam
347 1705 409 1764 in
436 1706 885 1786 praesentiarum
912 1750 930 1780 a
973 1715 1102 1764 tum
1133 1704 1212 1763 ad
1249 1727 1457 1795 corpus
1490 1720 1625 1790 post
1648 1717 2134 1778 resurrectionem
2159 1765 2176 1795 ‚

59 1800 356 1882 pertinere
394 1800 577 1880 possit
619 1845 635 1874 ,
674 1799 882 1859 iisdem
923 1798 1207 1859 tribuant.
1256 1803 1767 1874 Quemadmodum
1818 1829 1958 1870 vero
2002 1813 2174 1873 (ἴω-(1,

61 1893 318 1954 Norisius
347 1892 558 1972 gradus
585 1892 1003 1953 combustionis
1046 1906 1310 1955 accurate
1347 1896 1798 1978 determinavit,
1836 1906 1916 1964 sic
1949 1907 2046 1966 isti
2074 1908 2182 1969 de-

62 1988 457 2047 terminarunt
498 1986 707 2067 gradus
757 1987 1042 2048 felicitatis
1079 2000 1141 2048 et
1178 1989 1559 2053 beatitudinis
1596 1997 1744 2077 (ll).
1798 2000 2180 2064 Bellen-minus

133 2164 195 2228 (1)
234 2164 289 2211 In
307 2163 424 2229 Cap.
460 2165 678 2231 Majores
695 2200 710 2227 ,
728 2163 867 2231 §Sed
900 2165 1080 2230 adhuc,

65 2244 148 2293 De
179 2244 413 2311 baptismo
458 2254 502 2293 et
532 2248 636 2311 ejus
679 2246 937 2312 effectibus.
981 2247 1080 2296 cfr.

64 2327 188 2376 idem
211 2326 492 2393 Vasquezius
508 2364 522 2388 ,
546 2327 805 2376 Commeat.
826 2329 885 2376 in
910 2337 987 2388 1¹¹¹,
1008 2345 1036 2376 2
1067 2362 1081 2377 .

64 2406 122 2457 S.
152 2407 352 2458 Thomoe
370 2447 384 2470 ‚
408 2419 522 2458 tom.
544 2424 588 2470 1,
611 2409 728 2475 disp.
761 2409 881 2474 134,
899 2427 997 2476 cap.
1017 2410 1046 2458 3
1065 2447 1078 2470 ,

61 2506 113 2536 n.
184 2526 194 2536 .

60 2606 64 2610 -
133 2505 196 2635 (ἓ)
231 2569 289 2620 In
316 2587 353 2618 ιι
377 2568 520 2620 Sem.
551 2570 662 2622 dist.
695 2571 780 2622 33.

63 2700 66 2703 ,
135 2652 204 2716 (3)
240 2652 298 2701 Ιιι
318 2653 408 2703 loc.
432 2653 726 2719 cit.Magietri
748 2653 884 2705 Sem.
904 2673 958 2723 q.
991 2673 1081 2718 ια,

68 2742 157 2784 art.
195 2750 242 2782 ι.

142 2813 206 2877 (h)
244 2814 299 2863 In
342 2815 435 2865 loc.
484 2818 567 2865 cit.
618 2816 741 2867 Petri
789 2817 1039 2868 Lombardi
1066 2857 1081 2881 ,

69 2903 161 2942 art.
206 2894 236 2943 3
259 2931 274 2955 ,
316 2914 368 2962 q.

76 2975 218 3024 Rom.
260 2974 406 3044 1589.

146 3057 217 3121 (ὅ)
256 3051 376 3107 ibid.
397 3071 556 3126 quast.
576 3065 727 3113 unica.
747 3081 858 3130 opp.
874 3071 991 3115 tom.
1007 3084 1081 3130 vt,

74 3154 177 3202 pars
206 3141 437 3203 secunda,
468 3143 579 3193 edit.
609 3145 761 3211 Lugd.
799 3145 945 3214 1639.

145 3219 211 3284 (6)
247 3216 413 3270 Storia
442 3223 521 3271 del
545 3224 761 3277 Concilio
783 3229 838 3277 di
874 3230 1081 3293 Tremo,

68 3299 156 3348 lib.
201 3317 267 3361 11,
312 3302 393 3351 ubi
432 3307 524 3371 agit
562 3307 620 3356 de
654 3325 688 3376 9
725 3321 815 3360 art.
853 3317 1083 3378 proposito

71 3378 345 3432 discussioni
380 3387 508 3436 'circa
566 3401 802 3453 peccatum
837 3395 1082 3460 originale.

66 3459 160 3510 Sed
197 3473 301 3513 ante
333 3467 484 3531 ipsum
515 3470 614 3535 jam
649 3469 790 3524 Dom.
827 3461 969 3536 Sota,
1002 3475 1085 3525 De

66 3550 174 3593 nat.
203 3553 247 3592 et
263 3548 458 3611 qratia,
478 3549 570 3601 loc.
609 3568 625 3600 ι
652 3590 666 3612 ,
697 3571 800 3620 cap.
826 3555 915 3622 14,
937 3558 1082 3625 scrip-

65 3634 187 3674 serat
214 3642 230 3676 ε
257 3628 570 3694 Aaqmcs’nas
587 3633 706 3701 plus
729 3638 870 3704 justo
895 3639 1090 3691 videtur

416 2913 435 2945 1
467 2935 480 2959 ,
522 2907 639 2948 tom.
682 2916 767 2961 lv,
812 2918 924 2966 opp.
966 2902 1081 2952 edit.
1125 2898 1130 2901 i

1165 2190 1378 2246 torquere
1383 2183 1633 2249 parvulos.
1663 2186 1824 2249 Unde,
1839 2193 1927 2255 qni
1948 2194 2054 2258 ejus
2072 2209 2182 2244 sen-

1163 2265 1327 2313 tentiae
1369 2265 1676 2316 subscribunt
1697 2307 1713 2330 ‚
1753 2276 1994 2337 perpauci
2027 2286 2142 2326 sunt
2157 2314 2176 2340 ,

1165 2352 1212 2392 et
1234 2353 1434 2396 tortores
1455 2349 1777 2414 parvulorum
1808 2367 2179 2423 nuncupantur.

1166 2425 1292 2476 Edit.
1326 2427 1554 2478 Salmant.
1594 2429 1739 2499 1577.

1234 2508 1299 2572 (7)
1345 2508 1420 2558 De
1439 2512 1608 2561 amisa.
1633 2523 1760 2578 φοι.
1780 2515 1872 2567 lib.
1898 2535 1975 2579 v1,
2002 2537 2102 2587 cap.
2122 2518 2178 2573 6.

1235 2590 1300 2653 (8)
1327 2589 1515 2658 Quoest.
1556 2590 1611 2640 V
1610 2603 1628 2623 ⁸
1669 2595 1726 2643 de
1752 2597 1908 2659 malo,
1945 2611 2032 2651 art.
2069 2618 2119 2653 2.

1231 2670 1304 2737 (9)
1341 2673 1449 2723 Lib.
1486 2673 1569 2722 De
1610 2684 1740 2725 slata
1761 2695 2027 2744 puerorum
2070 2686 2178 2735 sino

1163 2753 1402 2819 baptismo
1426 2755 1770 2809 decedentium.
2159 2779 2162 2796 ³

1233 2836 1333 2900 (10)
1370 2837 1543 2887 Nudus
1550 2841 1882 2906 praedestinat.
1894 2844 2175 2911 dissolatas,

1165 2927 1285 2983 part.
1324 2935 1342 2966 1
1367 2918 1437 2986 ‚§
1473 2937 1490 2969 1
1515 2959 1528 2982 ,
1576 2941 1630 2972 n.
1656 2926 1752 2985 23,
1783 2936 1832 2975 et
1856 2930 2025 2977 iterum
2050 2928 2078 2997 §
2114 2948 2175 2994 2,

1166 3016 1218 3048 ιι.
1267 2997 1361 3065 163
1403 3020 1489 3052 nec
1525 3022 1623 3054 non
1658 3006 1875 3057 Albertus
1909 3009 2101 3077 Pighius
2131 3023 2179 3063 et

1168 3079 1482 3152 Hieronymus
1494 3084 1772 3138 Savonarola
1787 3127 1800 3151 ,
1818 3092 1942 3157 apud
1958 3092 2174 3145 Bellarm.

1166 3164 1252 3213 lib.
1292 3168 1373 3214 cit.
1412 3184 1510 3231 cap.
1555 3185 1574 3217 1
1604 3206 1618 3230 ‚
1653 3188 1703 3218 ιι.
1745 3171 1774 3220 5
1792 3191 1816 3231 ;
1846 3172 2016 3241 aliique
2051 3177 2175 3242 apud

1168 3242 1362 3313 Godoy,
1395 3248 1496 3297 loco
1526 3267 1635 3300 mox
1661 3254 1737 3300 cit.
1773 3252 1812 3320 ὃ.
1846 3254 1894 3303 3.

1232 3328 1340 3393 (ll)
1374 3328 1473 3378 Cfr.
1509 3333 1592 3381 cit.
1625 3344 1832 3385 auctores
1864 3346 1908 3384 et
1951 3337 2172 3391 Bellarm.

1166 3409 1259 3459 loc.
1286 3427 1389 3477 cap.
1414 3414 1448 3462 3
1469 3450 1483 3473 ,
1505 3431 1558 3464 n.
1588 3431 1650 3483 ¹9
1669 3453 1683 3476 ‚
1712 3427 1757 3466 et
1784 3434 1887 3485 cap.
1915 3434 1944 3466 2
1968 3455 1984 3478 ,
2007 3436 2058 3468 n.
2076 3419 2171 3484 42,

1167 3501 1213 3540 et
1248 3492 1371 3558 apud
1413 3494 1484 3545 De
1524 3495 1696 3548 Rubeis
1714 3534 1730 3558 ‚
1768 3495 1900 3548 Diu.
1945 3498 2005 3549 de
2033 3518 2169 3568 pecc.

1164 3576 1288 3640 om‘q.
1317 3593 1423 3644 cap.
1458 3577 1542 3646 74.
