2580 4152
530 292 682 329 PART.
729 293 770 328 1.
821 288 943 329 car.
991 292 1030 327 1.
1075 291 1144 328 mi
1187 291 1521 329 menmium
1565 272 1923 332 mmmm:
2107 345 2112 350 μ
2242 272 2280 331 5

265 436 324 495 7.
372 435 502 495 Sive
529 434 702 514 igitur
734 434 1090 513 Scripturam
1126 431 1247 491 sive
1282 441 1645 490 constantem
1678 441 1852 513 atque
1891 431 2282 493 universalem

101 578 103 581 v
186 530 443 589 omnium
480 529 660 588 ferme
693 527 1042 609 populorum
1070 525 1442 586 traditionem
1470 525 1868 601 consulamuS,
1902 536 2131 585 constat
2157 526 2283 587 An-

184 624 335 703 gelos
361 625 624 683 existere.
1294 626 1301 634 ’
1329 634 1333 639 ’

992 743 1472 786 DIFFICULTATES.

264 860 321 918 8.
355 857 483 936 Obj.
513 858 719 940 prima.
758 858 820 914 10
852 858 1037 915 Moses
1072 855 1314 936 Angelos
1349 878 1381 914 a
1408 859 1527 915 Deo
1560 865 1888 937 procreatos
1923 853 2134 915 nullibi
2160 866 2282 915 tra-

183 953 269 1012 dit
298 952 403 1033 (l).
434 954 501 1011 20
535 953 780 1012 Nomina
807 962 1084 1032 praeterea
1114 950 1380 1024 Michael,
1414 949 1670 1025 Gabriel,
1698 950 1956 1032 Raphae'l
1986 949 2280 1010 chaldaica

184 1060 355 1120 sunt3
385 1069 416 1105 a
438 1047 722 1106 Chaldaeis
751 1047 924 1126 igitur
953 1044 1042 1104 vel
1069 1046 1253 1103 Persis
1284 1043 1359 1102 ad
1390 1041 1663 1102 Hebraeos
1693 1045 1927 1130 transiit
1955 1045 2028 1106 de
2051 1044 2283 1125 Angelis

183 1143 378 1224 opinio
396 1143 502 1222 (2).

264 1237 323 1294 9.
352 1239 523 1316 Resp.
556 1234 629 1292 ad
657 1235 754 1292 1¹1¹.
795 1234 1012 1292 Trans.
1042 1243 1227 1291 antec.
1243 1257 1268 1305 ‚-
1297 1253 1440 1312 neyo
1474 1253 1629 1291 com.
1665 1232 1852 1292 Moses
1876 1234 2066 1309 enim,
2097 1245 2164 1294 ut
2190 1236 2284 1296 vi-

183 1319 392 1404 dimus,
421 1350 572 1410 saepe
597 1326 669 1386 de
684 1327 912 1408 Angelis
940 1348 1256 1408 eorumque
1280 1325 1738 1408 apparitionibus
1762 1326 2043 1409 loquitur,
2070 1339 2129 1388 et
2156 1328 2287 1389 illos

181 1423 385 1505 saepius
426 1434 493 1481 ut
529 1424 633 1482 Dei
666 1423 963 1481 ministros
1002 1420 1256 1481 exhibet.
1303 1424 1613 1503 Perperam
1657 1422 1834 1502 igitur
1869 1444 1939 1482 ex
1981 1444 2084 1498 ec,
2129 1423 2289 1505 quod

182 1516 547 1599 peculiariter
566 1517 867 1576 creationis
886 1515 1236 1596 Angelorum
1253 1538 1375 1574 non
1403 1517 1737 1576 meminerit
1755 1562 1771 1591 ‚
1798 1517 2162 1577 concluditur
2189 1518 2287 1578 vel

183 1610 428 1691 Angelos
450 1634 482 1669 a
504 1614 623 1671 Deo
652 1612 893 1671 minime
914 1611 1091 1671 fuisse
1119 1610 1378 1670 conditos
1399 1656 1413 1685 ,
1443 1610 1538 1671 vel
1561 1610 1689 1670 illos
1712 1633 1832 1671 non
1858 1613 2121 1673 existere.
2150 1612 2288 1673 Ideo

186 1718 376 1765 autem
403 1711 571 1784 juxta
606 1708 663 1766 S.
694 1706 966 1766 Basilium
995 1706 1344 1786 Angelorum
1374 1706 1728 1766 creationem
1751 1708 1938 1767 Moses
1964 1708 2282 1789 praeteriit,

185 1800 342 1884 quod
371 1800 848 1882 adspectabilium
871 1812 1103 1859 tantum
1132 1822 1331 1860 rerum
1362 1801 1642 1880 originem
1676 1802 1966 1884 praecipue
1995 1801 2161 1861 nobis
2188 1824 2284 1863 re-

184 1893 377 1955 velare
394 1895 644 1955 voluerit
667 1894 778 1976 (3).
799 1897 976 1954 Juxta
991 1897 1049 1954 S.
1077 1896 1463 1976 Augustinum
1487 1898 1641 1954 lueis
1661 1897 1922 1970 nomine,
1941 1896 2296 1976 Angelorum

183 1990 393 2048 creatio
432 2012 464 2049 a
500 1991 656 2049 Mose
686 1990 999 2070 significata
1036 1999 1124 2049 est
1158 1990 1265 2071 (4).
1301 1992 1385 2049 De
1422 1990 1533 2050 hac
1562 2001 1758 2050 autem
1798 1991 2071 2072 opinione
2107 2012 2171 2050 ac
2213 1991 2288 2051 de

184 2085 355 2144 variis
378 2085 679 2144 sententiis
707 2086 852 2143 circa
869 2095 1122 2166 temPUS‚
1142 2106 1257 2166 quo
1271 2084 1472 2164 Angeli
1487 2084 1707 2144 conditi
1730 2096 1890 2159 sunt⁷
1907 2096 2108 2144 utrum
2132 2085 2287 2145 scili-

184 2190 275 2237 cet
290 2190 425 2238 ante
448 2179 618 2258 hujus
641 2179 846 2238 mundi
874 2178 1275 2262 adspectabilis
1304 2180 1760 2255 creationem5ut
1780 2180 2071 2263 plerisque
2098 2182 2290 2241 Patri—

186 2275 294 2334 bus
320 2276 513 2354 graeeis
527 2274 747 2356 placet,
773 2297 848 2335 an
871 2297 1010 2335 vero
1033 2286 1167 2357 post
1186 2321 1202 2350 7
1221 2273 1378 2356 quod
1401 2285 1609 2334 tenent
1635 2275 1897 2357 plerique
1921 2297 1993 2336 ex
2020 2275 2287 2335 Patribus
2378 2300 2381 2303 ·

256 2450 324 2515 (l)
359 2452 427 2500 Ita
450 2451 667 2501 Julianus
686 2488 700 2516 ‚
729 2453 852 2518 apud
869 2452 919 2502 S.
940 2451 1165 2519 Cyrillum
1181 2489 1196 2513 ‚

189 2532 273 2580 lib.
313 2549 348 2579 11
364 2568 382 2593 ,
424 2542 540 2581 tom.
595 2550 643 2582 v1
663 2570 678 2597 ,
721 2550 910 2600 eperum
953 2553 1056 2600 pag.
1100 2531 1197 2601 49,

1342 2452 1413 2517 (lo)
1449 2451 1565 2501 Lib.
1605 2453 1798 2518 imperf.
1840 2452 1898 2501 de
1937 2451 2067 2502 Gen.
2101 2452 2167 2501 ad
2197 2451 2292 2503 litt.

1277 2550 1375 2598 cap.
1430 2550 1481 2581 11
1507 2572 1520 2594 ‚
1560 2552 1696 2583 num.
1741 2551 1798 2583 21
1823 2572 1837 2595 ‚
1890 2545 1934 2584 et
1979 2534 2061 2583 De
2097 2536 2292 2584 civitate

192 2614 301 2662 edit.
346 2614 487 2662 Paris.
539 2612 662 2662 1638
685 2652 698 2676 ,
740 2625 843 2664 tum
878 2616 965 2664 lib.
1003 2633 1058 2664 ιιι
1073 2652 1091 2678 ,
1128 2616 1196 2666 ib.

192 2713 293 2761 pag.
326 2692 412 2762 96.

265 2777 332 2840 (2)
368 2776 435 2825 Ita
460 2778 554 2825 fere
577 2777 776 2826 Voltaire
794 2815 806 2837 ‚
828 2776 880 2825 F
880 2794 1101 2842 raqmens
1117 2795 1204 2844 sur

196 2858 353 2907 divers
380 2860 526 2924 sajet-s
542 2896 554 2919 ‚
565 2876 664 2924 par
684 2858 819 2906 ordre
843 2858 1196 2924 alphabetique,

199 2951 284 2989 art.
311 2940 451 3005 Anye
468 2979 481 3001 ‚
509 2951 619 2989 tom.
643 2958 788 2989 xxvm
818 2940 937 2988 dela
960 2939 1202 2989 collection

196 3020 415 3087 complete
430 3022 509 3070 des
525 3039 703 3070 oeuvres
717 3057 734 3083 ,
753 3033 840 3071 etc.
859 3022 1038 3072 Geneve
1058 3039 1075 3071 1
1087 3040 1202 3089 777.

269 3103 353 3169 (3)
372 3104 486 3152 Lib.
503 3104 558 3151 de
568 3101 765 3169 Spiritu
778 3103 970 3166 Sancto,
988 3122 1092 3169 cap.
1121 3103 1198 3164 16,

202 3201 334 3233 num.
354 3183 437 3234 38.
469 3184 519 3233 S.
548 3184 747 3251 Cyrillus
767 3187 896 3234 Alex.
926 3186 1012 3234 lib.
1046 3203 1095 3234 m
1120 3189 1198 3234 eit.

204 3264 338 3312 aliam
357 3266 486 3314 affert
503 3283 685 3315 causam
708 3264 922 3315 adversus
934 3266 961 3314 J
967 3268 1171 3316 alianum
1185 3305 1198 3328 ‚

205 3363 345 3411 quare
372 3342 518 3396 Moses
543 3351 874 3413 praetermiserit
899 3352 1203 3397 narrationem

206 3430 446 3476 creationis
464 3428 742 3494 Angelorum
761 3467 775 3489 ‚
807 3448 860 3478 eo
886 3431 1011 3496 quod
1034 3432 1205 3480 scilicet

207 3511 344 3558 nimis
382 3513 550 3558 mentis
579 3522 740 3560 nostrae
779 3522 963 3577 captum
996 3513 1202 3562 excedat.

209 3589 356 3655 Quam
397 3592 583 3657 quidem
622 3609 804 3641 causam
840 3594 992 3659 quoad
1026 3593 1054 3642 J
1059 3595 1208 3650 udaeos

209 3673 411 3722 carnales
426 3672 718 3723 vehementer
739 3676 981 3724 confirmat
1003 3675 1151 3726 Hom.
1172 3692 1205 3724 11

211 3754 266 3799 in
302 3752 475 3805 Genes.
507 3773 612 3820 pag.
647 3772 709 3820 7,
742 3756 854 3806 edit.
883 3755 999 3806 Sav.

1278 2612 1401 2674 Dei,
1420 2615 1501 2675 lib.
1529 2633 1594 2678 xi,
1621 2633 1723 2681 cap.
1758 2632 1774 2664 1
1793 2633 1838 2666 1.
1873 2616 1964 2664 Alii
1998 2627 2151 2666 autem
2178 2635 2289 2666 cen-

1278 2707 1381 2745 sent
1400 2696 1680 2762 Angelorum
1706 2701 1982 2746 creationem
2012 2715 2092 2762 per
2117 2698 2294 2746 Mosem

1279 2779 1502 2841 designari
1536 2781 1726 2827 nomine
1760 2777 1893 2839 omli,
1934 2784 1990 2826 ut
2038 2777 2255 2843 Origenes
2279 2815 2293 2839 ‚

1280 2858 1434 2907 Hom.
1498 2876 1534 2907 ιι
1590 2861 1646 2906 in
1707 2859 1835 2908 Gen.
1862 2897 1877 2920 ‚
1938 2857 2064 2908 Beda
2086 2897 2100 2920 ‚
2168 2859 2296 2909 Stra-

1279 2940 1367 2988 bus
1411 2940 1536 3005 apud
1579 2940 1735 2990 Petav.
1780 2941 1873 2990 loc.
1925 2943 2009 2989 cit.
2055 2958 2159 3006 cap.
2214 2939 2294 2990 15.

1280 3022 1517 3088 Quidquid
1561 3039 1673 3071 vero
1716 3023 1764 3071 id
1800 3025 1892 3082 sit,
1939 3022 1997 3071 dc
2040 3040 2134 3088 quo
2173 3022 2295 3070 nihil

1280 3107 1414 3164 certi,
1429 3106 1718 3153 verisimilius
1742 3105 1923 3153 videtur
1939 3106 2068 3170 juxta
2090 3106 2295 3169 priorem

1281 3189 1557 3235 sententiam
1587 3187 1645 3235 de
1674 3187 1763 3234 hac
1793 3185 1972 3235 Mosem
2002 3188 2190 3251 penitus
2224 3188 2291 3233 si·-

1280 3267 1435 3316 luisse.
1476 3268 1599 3316 Illud
1632 3278 1786 3316 tamen
1819 3268 1964 3316 fixum
2003 3267 2298 3316 demonstra-

1280 3358 1472 3414 tumque
1510 3359 1608 3409 est,
1660 3348 1855 3414 Angelos
1898 3367 1925 3398 a
1973 3348 2069 3398 Deo
2121 3359 2302 3398 creatos

1282 3447 1408 3493 esse3
1459 3430 1518 3479 de
1556 3431 1724 3479 horum
1759 3433 1885 3479 enim
1940 3432 2167 3480 creatione
2199 3447 2299 3479 non

1282 3514 1473 3563 obscure
1500 3515 1754 3580 loquuntur
1784 3514 1982 3574 Daniel,
2011 3530 2114 3578 cap.
2149 3514 2206 3561 13
2239 3514 2295 3560 in

1282 3596 1600 3661 hymuotrium
1611 3613 1876 3660 puerorum,
1889 3605 1935 3644 et
1949 3594 2095 3643 David
2104 3629 2118 3654 ‚
2132 3593 2298 3657 Ps.cn;

1284 3677 1365 3726 sed
1389 3679 1531 3742 magis
1555 3687 1706 3742 aperte
1717 3675 2111 3742 Apostolus(Col.
2142 3692 2189 3736 1,
2220 3673 2298 3738 ιδ)

1301 3758 1503 3808 scribens
1533 3774 1547 3805 ε
1579 3760 1643 3806 In
1668 3760 1771 3823 ipso
1793 3757 1964 3820 (Verbo
1980 3756 2307 3822 divino)eon÷
