2580 4152
2076 136 2197 195 267

454 170 614 207 PART.
658 165 748 203 111.
795 164 921 202 cAP.
972 162 1052 202 vl.
1100 163 1168 199 DE
1213 159 1430 201 FUTURA
1475 159 1705 197 HOMINIS
1729 159 1882 197 VITA,

174 311 311 370 581.
362 310 436 368 Ea
471 316 666 366 autem
705 301 802 364 vel
845 314 933 362 est
963 304 1248 382 ohj'ectwa
1289 301 1386 363 vel
1418 302 1723 381 formalis,
1773 297 2074 378 Objectiva
2113 310 2203 358 est

88 429 180 483 res
222 406 375 486 ipsa,
415 406 573 480 qu’us
611 399 971 482 possessione
1011 398 1295 458 efficimur
1344 397 1536 471 beatiz,
1593 394 1851 455 formalis
1910 405 1999 453 est
2040 404 2203 453 actus

90 503 222 606 ipse'
233 545 249 574 ,
268 519 382 580 quo
407 495 716 555 beatitate
700 516 823 576 lpsa
838 494 1064 553 utimur
1089 514 1155 552 ac
1178 493 1464 567 fruimur
1498 513 1600 552 seu
1625 492 1750 573 ipsa
1773 490 1947 570 hujus
1971 489 2056 549 rei
2074 511 2204 572 pos-

89 594 260 654 sessio
295 603 356 651 et
374 591 573 649 fruitio
611 590 724 669 (1).

168 687 309 746 582.
356 687 565 766 Magna
603 687 742 744 olim
777 686 932 744 inter
977 681 1356 766 philosophos
1398 681 1471 742 de
1509 680 1878 741 beatitudine
1915 679 2205 760 objectiva

86 782 301 842 exarsit
337 782 669 855 contenti03
715 801 893 863 quare
915 780 979 837 in
1015 779 1273 839 diversas
1300 779 1413 859 ipsi
1435 775 1630 837 abiere
1660 777 1982 836 sententias
2005 822 2022 852 ,
2061 798 2205 860 quas

85 878 415 937 Lactantius
444 888 751 936 enumerat
783 876 894 957 (2).
927 877 1151 935 Marcus
1186 876 1362 934 Varro
1403 873 1560 956 apud
1601 874 1655 932 S.
1699 873 2085 952 Augustinum
2109 894 2205 932 os-

84 973 304 1048 tendit,
321 985 504 1033 sectas
529 971 1014 1054 philosophorum
1030 969 1104 1030 de
1122 991 1352 1029 summo
1373 968 1532 1032 bono
1551 969 1629 1027 ita
1649 989 1821 1050 posse
1841 968 2203 1050 permisceri,

82 1079 150 1126 ut
177 1090 249 1128 ex
272 1090 338 1127 ea
365 1068 752 1150 permixtione
772 1066 1105 1125 biscentum
1131 1065 1423 1144 octoginta
1448 1074 1577 1122 octo
1604 1064 1915 1123 sententioe
1943 1085 2045 1123 seu
2070 1063 2205 1145 pla-

84 1162 196 1221 cita
233 1163 518 1237 existant,
561 1184 684 1220 non
720 1182 850 1242 quae
889 1159 1205 1241 aliquando
1251 1160 1473 1219 fuerint
1495 1205 1511 1231 .‚
1549 1159 1655 1218 sed
1681 1180 1812 1240 quae
1847 1179 1971 1218 esse
2002 1170 2206 1240 potue-

83 1257 205 1316 rint
241 1256 354 1337 (3).
375 1257 591 1317 Divina
632 1255 1010 1336 postmodum
1046 1254 1401 1316 revelatione
1439 1254 1791 1335 affulgente,
1829 1253 2063 1313 nullum
2091 1254 2204 1314 du-

82 1350 248 1410 bium
278 1363 544 1434 superest
561 1397 576 1426 ,
608 1350 797 1411 solum
822 1354 1013 1410 Deum
1033 1393 1049 1422 ‚
1081 1350 1143 1407 in
1161 1371 1530 1432 quocumque
1556 1348 1945 1432 providentiae
1971 1349 2200 1426 ordine,

81 1446 371 1525 objectum
397 1468 520 1506 esse
555 1446 875 1507 essentialis
909 1445 1287 1505 beatitudinis
1334 1445 1713 1527 intelligentis
1751 1456 2011 1521 naturae,
2055 1468 2204 1528 qua-

83 1553 255 1600 tenus
282 1541 355 1600 ab
388 1542 593 1601 eadem
616 1541 946 1624 possidetur
967 1564 1075 1624 per
1111 1540 1383 1600 ultimam
1413 1563 1478 1601 ac
1502 1541 1988 1623 perfectissimam
2012 1553 2206 1602 actua-

82 1636 202 1696 lem
236 1636 579 1696 facultatum.
623 1637 1046 1719 operationem.
1098 1637 1237 1696 Haec
1280 1658 1420 1698 vero
1466 1637 1889 1719 perfectissima
1942 1638 2202 1720 operatio

81 1730 268 1790 tribus
319 1733 690 1812 potissimum
743 1731 966 1792 actibus
1014 1732 1383 1809 continetur,
1424 1732 1662 1795 visionis
1697 1753 1947 1815 nempe,
1990 1732 2205 1793 amoris

84 1837 142 1884 et
179 1825 371 1908 gaudii
396 1826 506 1907 (4).

163 1921 302 1981 583.
354 1923 489 1982 Haec
509 1968 525 1998 ‚
552 1944 682 2005 quae
709 1921 783 1982 de
811 1921 1177 1983 beatitudine
1200 1922 1455 1982 diximus
1475 1969 1491 1998 .,
1521 1934 1650 1983 tum
1679 1922 1936 1984 naturali
1962 1933 2091 1984 tum
2113 1947 2204 1984 su-

151 2099 215 2163 (1)
254 2099 324 2147 Ex
345 2098 516 2164 quibus
540 2109 668 2164 patet
682 2100 1019 2149 beatitudinem
1039 2117 1093 2149 ex

82 2180 265 2228 duobus
286 2181 476 2228 conflari
495 2217 509 2238 ,
544 2190 647 2229 tum
668 2197 834 2246 nempe
852 2199 900 2230 re
916 2184 1095 2230 extrin-

83 2278 184 2310 seca
202 2298 216 2321 ,
244 2263 294 2309 in
309 2279 398 2327 qua
412 2264 623 2311 consistit
637 2281 874 2311 summum
891 2263 1092 2323 bonum,

84 2353 129 2391 et
143 2342 350 2409 ejusdem
363 2343 473 2391 boni
488 2346 791 2409 possessione,
808 2362 889 2395 seu
902 2349 1093 2407 unione,

81 2443 174 2491 qua
208 2424 342 2473 nobis
378 2428 706 2492 conjungitur3
735 2430 825 2475 nisi
853 2430 979 2476 enim
1010 2428 1096 2478 ob-

76 2508 250 2574 jectum
288 2506 589 2556 beatitudinis
632 2508 768 2556 nobis
803 2512 1020 2571 uniatur,
1051 2521 1097 2560 et

81 2605 164 2636 nos
200 2589 546 2655 quodammodo
595 2590 799 2650 afficiat,
849 2591 974 2640 beati
1009 2609 1096 2641 nec

83 2687 179 2718 esse
206 2687 292 2719 nec
328 2671 419 2720 dici
457 2688 714 2737 possumus.
754 2672 854 2721 Cfr.
882 2673 1091 2735 Lessius‚

86 2747 166 2798 De
189 2767 371 2801 summo
393 2753 543 2814 bone,
570 2755 654 2802 lib.
683 2772 730 2815 r,
761 2772 864 2821 cap.
910 2772 963 2806 ι.-

149 2831 210 2896 (2)
247 2831 416 2885 Divin.
450 2837 614 2886 Instit.
645 2837 728 2885 lib.
761 2855 815 2885 ιιι
837 2875 850 2898 ,
879 2855 987 2904 cap.
1025 2855 1052 2905 7
1075 2877 1089 2899 ,
1119 2837 1123 2840 ⁴

86 2913 166 2961 ubi
184 2914 344 2964 decem
369 2929 572 2968 recenset
597 2922 844 2969 sententias
868 2937 975 2970 cum
998 2924 1091 2970 suis

83 2995 364 3046 auctoribus.

151 3075 215 3140 (3)
252 3074 333 3125 De
363 3079 455 3127 civ.
485 3079 617 3142 Dei,
655 3082 742 3132 lib.
767 3100 848 3132 x1x
866 3120 880 3143 ,
913 3101 1015 3149 cap.
1041 3101 1084 3145 1,

79 3174 133 3206 n.
167 3158 228 3217 2'‚
252 3158 359 3220 ubi,
389 3163 620 3225 quomodo
644 3164 723 3212 illa
752 3168 991 3230 permixtio
1014 3167 1084 3214 fa-

78 3240 243 3287 cienda
261 3242 347 3301 sit,
379 3247 426 3289 et
445 3244 612 3308 quibus
629 3246 903 3298 differentiis
919 3249 1086 3296 additis

76 3329 228 3368 tantus
257 3325 582 3374 sententiarum
604 3344 824 3377 numerus
854 3341 1082 3395 emergat,

74 3404 273 3451 ostendit
315 3404 584 3458 clarissime.
630 3407 725 3457 cfr.
764 3410 963 3474 Suarez,
1002 3411 1086 3460 De

73 3482 196 3533 beat.
228 3486 285 3532 in
314 3491 591 3549 communi,
633 3492 755 3556 disp.
788 3491 819 3542 5
840 3531 853 3554 ‚
884 3504 996 3544 sect.
1023 3511 1040 3542 1
1067 3510 1081 3558 ;

74 3564 251 3615 Lessius
272 3605 285 3627 ‚
315 3568 404 3617 loc.
438 3572 540 3630 cit.‚
572 3589 674 3637 cap.
711 3574 761 3623 3.

141 3647 203 3711 (4)
234 3649 332 3700 Cfr.
381 3650 580 3714 Suarez,
625 3654 715 3704 loc.
763 3659 843 3707 cit.
886 3655 974 3706 lib.
1027 3675 1075 3718 1,

1178 2101 1301 2166 disp.
1335 2098 1402 2161 6‚
1433 2111 1547 2151 sect.
1582 2117 1644 2163 2,
1679 2120 1733 2152 ιι.
1776 2118 1864 2167 103
1901 2113 1949 2153 et
1986 2114 2098 2153 sect.
2134 2105 2198 2168 33

1177 2193 1224 2230 et
1259 2183 1473 2245 Lessius‚
1509 2202 1589 2250 op.
1619 2187 1695 2233 cit.
1724 2184 1813 2234 lib.
1851 2202 1922 2248 11,
1953 2203 2059 2251 cap.
2099 2203 2116 2234 1
2156 2196 2202 2235 et

1178 2281 1314 2331 seqq.
1347 2268 1598 2330 praesertim
1639 2284 1746 2315 vero
1775 2284 1878 2332 cap.
1904 2265 1971 2329 6,
2007 2268 2087 2316 ubi
2123 2270 2201 2316 in-

1179 2350 1321 2413 quirit
1354 2364 1369 2396 :
1400 2347 1513 2413 Quis
1542 2348 1711 2397 horum
1739 2360 1929 2397 actuum
1966 2352 2016 2397 in
2056 2350 2199 2399 beati·

1178 2429 1345 2478 tudine
1374 2432 1433 2477 sit
1453 2432 1636 2495 potior,
1670 2433 1783 2479 visio
1802 2468 1815 2490 ‚
1846 2449 1907 2480 an
1937 2449 2100 2492 amor,
2137 2450 2199 2480 an

1183 2511 1445 2575 gaudium?
1485 2512 1779 2578 ostenditque
1819 2513 2075 2578 quemlibet
2120 2531 2199 2562 eo-

1177 2611 1282 2641 rum
1313 2593 1399 2641 sub
1431 2594 1652 2658 peculiari
1681 2605 1891 2658 respectu
1909 2594 1997 2642 sibi
2022 2597 2199 2660 prima-

1177 2685 1277 2723 tum
1296 2675 1554 2724 vindicare.
1576 2674 1706 2723 Visio
1720 2660 1892 2740 primas
1917 2686 2057 2739 tenet,
2078 2695 2197 2743 qua-

1177 2768 1311 2807 tenus
1325 2768 1392 2807 est
1407 2758 1625 2823 perFectio
1640 2759 1828 2824 physica
1845 2769 1890 2808 et
1910 2759 2199 2826 reliquorum

1175 2840 1309 2890 radix
1343 2851 1386 2890 et
1405 2839 1797 2903 fundamentum3
1823 2859 1954 2890 amor
1990 2845 2198 2908 primum

1177 2923 1356 2971 obtinet
1376 2924 1532 2972 locum
1550 2961 1564 2983 ‚
1583 2934 1810 2990 quatenus
1829 2924 1981 2973 Deum
2014 2927 2198 2991 respicit

1175 3003 1370 3070 ejusque
1398 3005 1613 3068 bonum3
1648 3006 1868 3070 gaudium
1907 3025 1988 3055 seu
2036 3007 2195 3055 fruitio

1173 3089 1343 3150 primas
1359 3086 1565 3144 obtinet,
1587 3097 1813 3152 quatenus
1836 3088 2016 3137 bonum
2037 3089 2194 3137 homi-

1170 3171 1243 3216 nis
1254 3178 1500 3232 spectatur.
1522 3166 1714 3229 Dantes‚
1731 3169 1920 3219 Parad.
1933 3170 2068 3219 Cant.
2083 3190 2189 3231 xxx,

1169 3269 1217 3299 v.
1251 3247 1334 3314 40,
1361 3251 1446 3299 has
1473 3251 1671 3299 diversas
1698 3254 1950 3300 sententias
1979 3253 2193 3318 praeclare

1169 3335 1408 3398 componit
1442 3333 1533 3381 illis
1558 3333 1800 3382 versibus:

1224 3458 1335 3498 Luce
1360 3457 1620 3499 intellettual
1646 3457 1779 3513 piena
1808 3455 2031 3509 d'amore,

1224 3531 1362 3570 Amor
1391 3528 1443 3570 di
1468 3544 1576 3571 vero
1605 3530 1684 3571 ben
1709 3529 1812 3586 pien
1839 3526 1889 3569 di
1911 3527 2056 3569 letizia
2068 3558 2084 3580 ‚

1226 3599 1387 3642 Letizia
1400 3632 1414 3656 ,
1443 3600 1521 3643 che
1549 3599 1775 3644 trascende
1795 3601 1902 3657 ogni
1924 3598 2132 3642 dulciore.
