<?xml version="1.0" encoding="UTF-8"?>
<!DOCTYPE html PUBLIC "-//W3C//DTD XHTML 1.0 Transitional//EN"
    "http://www.w3.org/TR/xhtml1/DTD/xhtml1-transitional.dtd">
<html xmlns="http://www.w3.org/1999/xhtml" xml:lang="en" lang="en">
 <head>
  <title>
</title>
<meta http-equiv="Content-Type" content="text/html;charset=utf-8" />
  <meta name='ocr-system' content='tesseract 3.04.00' />
  <meta name='ocr-capabilities' content='ocr_page ocr_carea ocr_par ocr_line ocrx_word'/>
</head>
<body>
  <div class='ocr_page' id='page_1' title='image "a603693803perruoft_0116.png"; bbox 0 0 2580 4152; ppageno 0'>
   <div class='ocr_carea' id='block_1_1' title="bbox 400 182 517 243">
    <p class='ocr_par' dir='ltr' id='par_1_1' title="bbox 400 182 517 243">
     <span class='ocr_line' id='line_1_1' title="bbox 400 182 517 243; baseline 0.017 -2"><span class='ocrx_word' id='word_1_1' title='bbox 400 182 517 243; x_wconf 82' lang='lat'><strong>108</strong></span> 
     </span>
    </p>
   </div>
   <div class='ocr_carea' id='block_1_2' title="bbox 1065 205 1877 245">
    <p class='ocr_par' dir='ltr' id='par_1_2' title="bbox 1065 205 1877 245">
     <span class='ocr_line' id='line_1_2' title="bbox 1065 205 1877 245; baseline 0.002 -3"><span class='ocrx_word' id='word_1_2' title='bbox 1065 205 1263 242; x_wconf 83' lang='lat' dir='ltr'><strong>TRACT·</strong></span> <span class='ocrx_word' id='word_1_3' title='bbox 1312 206 1380 241; x_wconf 80' lang='lat' dir='ltr'><strong>DE</strong></span> <span class='ocrx_word' id='word_1_4' title='bbox 1423 206 1528 243; x_wconf 82' lang='grc' dir='ltr'><strong>1)Εο</strong></span> <span class='ocrx_word' id='word_1_5' title='bbox 1570 206 1877 245; x_wconf 75' lang='lat' dir='ltr'><strong>CREATORE.</strong></span> 
     </span>
    </p>
   </div>
   <div class='ocr_carea' id='block_1_3' title="bbox 388 346 2531 2253">
    <p class='ocr_par' dir='ltr' id='par_1_3' title="bbox 392 346 2528 906">
     <span class='ocr_line' id='line_1_3' title="bbox 458 346 2527 433; baseline 0.004 -27"><span class='ocrx_word' id='word_1_6' title='bbox 458 349 620 407; x_wconf 81' lang='grc'><strong>224.</strong></span> <span class='ocrx_word' id='word_1_7' title='bbox 667 346 797 426; x_wconf 89' lang='lat' dir='ltr'><strong>Obj.</strong></span> <span class='ocrx_word' id='word_1_8' title='bbox 840 347 1033 407; x_wconf 87' lang='lat' dir='ltr'><strong>terti0.</strong></span> <span class='ocrx_word' id='word_1_9' title='bbox 1088 347 1332 406; x_wconf 91' lang='lat' dir='ltr'><strong>Nullum</strong></span> <span class='ocrx_word' id='word_1_10' title='bbox 1375 347 1585 409; x_wconf 89' lang='lat' dir='ltr'><strong>saltem</strong></span> <span class='ocrx_word' id='word_1_11' title='bbox 1627 361 1716 409; x_wconf 88' lang='lat' dir='ltr'><strong>est</strong></span> <span class='ocrx_word' id='word_1_12' title='bbox 1757 362 2171 431; x_wconf 79' lang='lat' dir='ltr'><strong>argumentum</strong></span> <span class='ocrx_word' id='word_1_13' title='bbox 2194 396 2209 424; x_wconf 60' lang='lat' dir='ltr'>a</span> <span class='ocrx_word' id='word_1_14' title='bbox 2253 351 2414 433; x_wconf 89' lang='lat' dir='ltr'><strong>quod</strong></span> <span class='ocrx_word' id='word_1_15' title='bbox 2455 376 2527 414; x_wconf 89' lang='lat' dir='ltr'><strong>ex</strong></span> 
     </span>
     <span class='ocr_line' id='line_1_4' title="bbox 399 443 2528 526; baseline 0.001 -22"><span class='ocrx_word' id='word_1_16' title='bbox 399 446 617 504; x_wconf 87' lang='lat' dir='ltr'><strong>artium</strong></span> <span class='ocrx_word' id='word_1_17' title='bbox 642 455 702 503; x_wconf 88' lang='lat' dir='ltr'><strong>et</strong></span> <span class='ocrx_word' id='word_1_18' title='bbox 737 443 1114 501; x_wconf 84' lang='lat' dir='ltr'>scientiarum</span> <span class='ocrx_word' id='word_1_19' title='bbox 1147 454 1281 501; x_wconf 92' lang='lat' dir='ltr'><strong>ortu</strong></span> <span class='ocrx_word' id='word_1_20' title='bbox 1312 454 1372 502; x_wconf 83' lang='lat' dir='ltr'><strong>et</strong></span> <span class='ocrx_word' id='word_1_21' title='bbox 1401 466 1711 526; x_wconf 82' lang='lat' dir='ltr'><strong>progressu</strong></span> <span class='ocrx_word' id='word_1_22' title='bbox 1741 447 1966 505; x_wconf 89' lang='lat' dir='ltr'><strong>eruitur</strong></span> <span class='ocrx_word' id='word_1_23' title='bbox 2001 447 2076 506; x_wconf 91' lang='lat' dir='ltr'><strong>ad</strong></span> <span class='ocrx_word' id='word_1_24' title='bbox 2108 447 2528 508; x_wconf 82' lang='lat' dir='ltr'><strong>adstruendam</strong></span> 
     </span>
     <span class='ocr_line' id='line_1_5' title="bbox 398 538 2528 622; baseline 0.001 -22"><span class='ocrx_word' id='word_1_25' title='bbox 398 540 625 620; x_wconf 82' lang='lat' dir='ltr'><strong>generis</strong></span> <span class='ocrx_word' id='word_1_26' title='bbox 648 538 896 596; x_wconf 89' lang='lat' dir='ltr'><strong>humani</strong></span> <span class='ocrx_word' id='word_1_27' title='bbox 920 539 1266 599; x_wconf 86' lang='lat' dir='ltr'><strong>novitatem.</strong></span> <span class='ocrx_word' id='word_1_28' title='bbox 1288 539 1437 598; x_wconf 86' lang='lat' dir='ltr'>Fieri</span> <span class='ocrx_word' id='word_1_29' title='bbox 1475 541 1634 599; x_wconf 91' lang='lat' dir='ltr'><strong>enim</strong></span> <span class='ocrx_word' id='word_1_30' title='bbox 1659 541 1853 622; x_wconf 89' lang='lat' dir='ltr'><strong>potuit</strong></span> <span class='ocrx_word' id='word_1_31' title='bbox 1878 588 1894 616; x_wconf 64' lang='lat' dir='ltr'><strong>a</strong></span> <span class='ocrx_word' id='word_1_32' title='bbox 1925 554 1992 601; x_wconf 92' lang='lat' dir='ltr'><strong>ut</strong></span> <span class='ocrx_word' id='word_1_33' title='bbox 2027 542 2102 602; x_wconf 91' lang='lat' dir='ltr'><strong>ob</strong></span> <span class='ocrx_word' id='word_1_34' title='bbox 2141 542 2397 605; x_wconf 89' lang='lat' dir='ltr'><strong>diversas</strong></span> <span class='ocrx_word' id='word_1_35' title='bbox 2426 566 2528 603; x_wconf 90' lang='lat' dir='ltr'><strong>no—</strong></span> 
     </span>
     <span class='ocr_line' id='line_1_6' title="bbox 396 634 2526 719; baseline 0.001 -25"><span class='ocrx_word' id='word_1_36' title='bbox 396 634 604 717; x_wconf 86' lang='lat' dir='ltr'><strong>bisque</strong></span> <span class='ocrx_word' id='word_1_37' title='bbox 641 634 964 714; x_wconf 81' lang='lat' dir='ltr'><strong>incognitas</strong></span> <span class='ocrx_word' id='word_1_38' title='bbox 1007 634 1443 696; x_wconf 84' lang='lat' dir='ltr'><strong>vicissitudines</strong></span> <span class='ocrx_word' id='word_1_39' title='bbox 1495 635 1593 697; x_wconf 77' lang='lat' dir='ltr'><strong>‘vel</strong></span> <span class='ocrx_word' id='word_1_40' title='bbox 1628 636 1926 716; x_wconf 78' lang='lat' dir='ltr'><strong>generales</strong></span> <span class='ocrx_word' id='word_1_41' title='bbox 1962 638 2339 719; x_wconf 70' lang='lat' dir='ltr'><strong>cataclysmos</strong></span> <span class='ocrx_word' id='word_1_42' title='bbox 2375 638 2526 698; x_wconf 89' lang='lat' dir='ltr'><strong>obli-</strong></span> 
     </span>
     <span class='ocr_line' id='line_1_7' title="bbox 393 728 2527 817; baseline 0.002 -26"><span class='ocrx_word' id='word_1_43' title='bbox 393 731 590 791; x_wconf 84' lang='lat' dir='ltr'><strong>vione&#39;</strong></span> <span class='ocrx_word' id='word_1_44' title='bbox 603 730 839 811; x_wconf 88' lang='lat' dir='ltr'><strong>penitus</strong></span> <span class='ocrx_word' id='word_1_45' title='bbox 882 728 1108 791; x_wconf 88' lang='lat' dir='ltr'><strong>obrutae</strong></span> <span class='ocrx_word' id='word_1_46' title='bbox 1146 730 1366 791; x_wconf 86' lang='lat' dir='ltr'><strong>fuerint</strong></span> <span class='ocrx_word' id='word_1_47' title='bbox 1390 776 1406 806; x_wconf 80' lang='grc'><em>,</em></span> <span class='ocrx_word' id='word_1_48' title='bbox 1459 751 1525 790; x_wconf 90' lang='lat' dir='ltr'><strong>ac</strong></span> <span class='ocrx_word' id='word_1_49' title='bbox 1574 731 1769 792; x_wconf 92' lang='lat' dir='ltr'><strong>denuo</strong></span> <span class='ocrx_word' id='word_1_50' title='bbox 1817 744 2020 815; x_wconf 90' lang='lat' dir='ltr'><strong>postea</strong></span> <span class='ocrx_word' id='word_1_51' title='bbox 2062 755 2126 794; x_wconf 91' lang='lat' dir='ltr'><strong>ac</strong></span> <span class='ocrx_word' id='word_1_52' title='bbox 2163 734 2383 817; x_wconf 90' lang='lat' dir='ltr'><strong>pluries</strong></span> <span class='ocrx_word' id='word_1_53' title='bbox 2432 735 2527 795; x_wconf 93' lang='lat' dir='ltr'><strong>in-</strong></span> 
     </span>
     <span class='ocr_line' id='line_1_8' title="bbox 392 825 938 906; baseline -0.002 -20"><span class='ocrx_word' id='word_1_54' title='bbox 392 837 588 886; x_wconf 84' lang='lat' dir='ltr'><strong>ventae</strong></span> <span class='ocrx_word' id='word_1_55' title='bbox 622 825 748 906; x_wconf 77' lang='lat' dir='ltr'><strong>(l);</strong></span> <span class='ocrx_word' id='word_1_56' title='bbox 782 847 938 906; x_wconf 78' lang='lat' dir='ltr'><strong>ergo,</strong></span> 
     </span>
    </p>

    <p class='ocr_par' dir='ltr' id='par_1_4' title="bbox 388 920 2531 2253">
     <span class='ocr_line' id='line_1_9' title="bbox 473 920 2527 1004; baseline 0.004 -27"><span class='ocrx_word' id='word_1_57' title='bbox 473 920 613 980; x_wconf 82' lang='grc'><strong>225.</strong></span> <span class='ocrx_word' id='word_1_58' title='bbox 638 923 836 1004; x_wconf 78' lang='lat' dir='ltr'><strong>&#39;Resp.</strong></span> <span class='ocrx_word' id='word_1_59' title='bbox 868 921 1021 1002; x_wconf 74' lang='lat' dir='ltr'><strong>Ney.</strong></span> <span class='ocrx_word' id='word_1_60' title='bbox 1062 933 1253 981; x_wconf 75' lang='lat' dir='ltr'><strong>antec.</strong></span> <span class='ocrx_word' id='word_1_61' title='bbox 1301 921 1393 981; x_wconf 90' lang='lat' dir='ltr'><strong>Ad</strong></span> <span class='ocrx_word' id='word_1_62' title='bbox 1420 921 1648 1004; x_wconf 89' lang='lat' dir='ltr'><strong>probat.</strong></span> <span class='ocrx_word' id='word_1_63' title='bbox 1692 944 1832 984; x_wconf 89' lang='lat' dir='ltr'><strong>vero</strong></span> <span class='ocrx_word' id='word_1_64' title='bbox 1872 923 2308 1001; x_wconf 59' lang='lat' dir='ltr'><strong>animadvertm</strong></span> <span class='ocrx_word' id='word_1_65' title='bbox 2346 927 2408 984; x_wconf 89' lang='lat'><strong>10</strong></span> <span class='ocrx_word' id='word_1_66' title='bbox 2431 925 2527 986; x_wconf 88' lang='lat' dir='ltr'><strong>hic</strong></span> 
     </span>
     <span class='ocr_line' id='line_1_10' title="bbox 392 1017 2527 1103; baseline 0.003 -28"><span class='ocrx_word' id='word_1_67' title='bbox 392 1037 515 1076; x_wconf 91' lang='lat' dir='ltr'><strong>non</strong></span> <span class='ocrx_word' id='word_1_68' title='bbox 540 1017 631 1097; x_wconf 81' lang='lat' dir='ltr'><strong>agi</strong></span> <span class='ocrx_word' id='word_1_69' title='bbox 669 1019 741 1077; x_wconf 83' lang='lat' dir='ltr'><strong>de</strong></span> <span class='ocrx_word' id='word_1_70' title='bbox 756 1020 1191 1098; x_wconf 70' lang='lat' dir='ltr'><strong>possibilitate,</strong></span> <span class='ocrx_word' id='word_1_71' title='bbox 1219 1018 1326 1078; x_wconf 89' lang='lat' dir='ltr'><strong>sed</strong></span> <span class='ocrx_word' id='word_1_72' title='bbox 1352 1020 1421 1078; x_wconf 75' lang='lat' dir='ltr'><strong>(le</strong></span> <span class='ocrx_word' id='word_1_73' title='bbox 1438 1023 1598 1099; x_wconf 78' lang='lat' dir='ltr'><strong>facto</strong></span> <span class='ocrx_word' id='word_1_74' title='bbox 1612 1044 1634 1087; x_wconf 86' lang='lat'><strong>,·</strong></span> <span class='ocrx_word' id='word_1_75' title='bbox 1663 1020 1986 1079; x_wconf 79' lang='lat' dir='ltr'><strong>ostendant</strong></span> <span class='ocrx_word' id='word_1_76' title='bbox 2018 1020 2268 1103; x_wconf 88' lang='lat' dir='ltr'><strong>proinde</strong></span> <span class='ocrx_word' id='word_1_77' title='bbox 2312 1022 2527 1084; x_wconf 88' lang='lat' dir='ltr'><strong>adver-</strong></span> 
     </span>
     <span class='ocr_line' id='line_1_11' title="bbox 391 1113 2528 1196; baseline 0.003 -25"><span class='ocrx_word' id='word_1_78' title='bbox 391 1113 528 1172; x_wconf 90' lang='lat' dir='ltr'><strong>sarii</strong></span> <span class='ocrx_word' id='word_1_79' title='bbox 565 1115 966 1174; x_wconf 89' lang='lat' dir='ltr'><strong>monumentis</strong></span> <span class='ocrx_word' id='word_1_80' title='bbox 1003 1115 1174 1175; x_wconf 91' lang='lat' dir='ltr'><strong>certis</strong></span> <span class='ocrx_word' id='word_1_81' title='bbox 1221 1127 1350 1174; x_wconf 92' lang='lat' dir='ltr'><strong>tum</strong></span> <span class='ocrx_word' id='word_1_82' title='bbox 1389 1115 1518 1175; x_wconf 89' lang='lat' dir='ltr'><strong>illas</strong></span> <span class='ocrx_word' id='word_1_83' title='bbox 1547 1115 1978 1178; x_wconf 86' lang='lat' dir='ltr'><strong>vicissitudines</strong></span> <span class='ocrx_word' id='word_1_84' title='bbox 2001 1162 2016 1192; x_wconf 62' lang='lat' dir='ltr'>a</span> <span class='ocrx_word' id='word_1_85' title='bbox 2054 1128 2184 1175; x_wconf 91' lang='lat' dir='ltr'><strong>tum</strong></span> <span class='ocrx_word' id='word_1_86' title='bbox 2227 1114 2528 1196; x_wconf 83' lang='lat' dir='ltr'><strong>generales</strong></span> 
     </span>
     <span class='ocr_line' id='line_1_12' title="bbox 390 1208 2528 1295; baseline 0.001 -26"><span class='ocrx_word' id='word_1_87' title='bbox 390 1208 520 1269; x_wconf 92' lang='lat' dir='ltr'><strong>illos</strong></span> <span class='ocrx_word' id='word_1_88' title='bbox 569 1210 946 1291; x_wconf 81' lang='lat' dir='ltr'><strong>cataclysmos</strong></span> <span class='ocrx_word' id='word_1_89' title='bbox 984 1212 1175 1293; x_wconf 91' lang='lat' dir='ltr'><strong>reipsa</strong></span> <span class='ocrx_word' id='word_1_90' title='bbox 1216 1211 1410 1270; x_wconf 89' lang='lat' dir='ltr'><strong>locum</strong></span> <span class='ocrx_word' id='word_1_91' title='bbox 1463 1211 1734 1272; x_wconf 86' lang='lat' dir='ltr'><strong>habuisse</strong></span> <span class='ocrx_word' id='word_1_92' title='bbox 1766 1258 1781 1288; x_wconf 60' lang='lat' dir='ltr'><strong>a</strong></span> <span class='ocrx_word' id='word_1_93' title='bbox 1821 1213 2082 1295; x_wconf 91' lang='lat' dir='ltr'><strong>alioquin</strong></span> <span class='ocrx_word' id='word_1_94' title='bbox 2133 1212 2361 1272; x_wconf 88' lang='lat' dir='ltr'><strong>nullam</strong></span> <span class='ocrx_word' id='word_1_95' title='bbox 2402 1214 2528 1274; x_wconf 86' lang='lat' dir='ltr'><strong>vim</strong></span> 
     </span>
     <span class='ocr_line' id='line_1_13' title="bbox 390 1304 2531 1389; baseline 0.002 -25"><span class='ocrx_word' id='word_1_96' title='bbox 390 1304 572 1366; x_wconf 85' lang='lat' dir='ltr'><strong>habet</strong></span> <span class='ocrx_word' id='word_1_97' title='bbox 635 1308 933 1389; x_wconf 91' lang='lat' dir='ltr'><strong>proposita</strong></span> <span class='ocrx_word' id='word_1_98' title='bbox 997 1306 1326 1366; x_wconf 88' lang='lat' dir='ltr'><strong>difficultas.</strong></span> <span class='ocrx_word' id='word_1_99' title='bbox 1376 1310 1555 1366; x_wconf 89' lang='lat' dir='ltr'><strong>Porro</strong></span> <span class='ocrx_word' id='word_1_100' title='bbox 1603 1308 1841 1367; x_wconf 90' lang='lat' dir='ltr'><strong>nonnisi</strong></span> <span class='ocrx_word' id='word_1_101' title='bbox 1892 1331 2080 1367; x_wconf 90' lang='lat' dir='ltr'><strong>unum</strong></span> <span class='ocrx_word' id='word_1_102' title='bbox 2134 1308 2531 1370; x_wconf 87' lang='lat' dir='ltr'><strong>universalem</strong></span> 
     </span>
     <span class='ocr_line' id='line_1_14' title="bbox 392 1401 2527 1487; baseline 0.002 -27"><span class='ocrx_word' id='word_1_103' title='bbox 392 1401 809 1484; x_wconf 82' lang='lat' dir='ltr'><strong>cataclysmum</strong></span> <span class='ocrx_word' id='word_1_104' title='bbox 832 1414 1170 1463; x_wconf 90' lang='lat' dir='ltr'><strong>memorant</strong></span> <span class='ocrx_word' id='word_1_105' title='bbox 1185 1404 1450 1462; x_wconf 91' lang='lat' dir='ltr'><strong>omnium</strong></span> <span class='ocrx_word' id='word_1_106' title='bbox 1465 1405 1730 1484; x_wconf 81' lang='lat' dir='ltr'><strong>gentium</strong></span> <span class='ocrx_word' id='word_1_107' title='bbox 1752 1404 1994 1465; x_wconf 91' lang='lat' dir='ltr'><strong>annales</strong></span> <span class='ocrx_word' id='word_1_108' title='bbox 1998 1449 2018 1478; x_wconf 80' lang='lat'><em>,</em></span> <span class='ocrx_word' id='word_1_109' title='bbox 2046 1427 2223 1487; x_wconf 88' lang='lat' dir='ltr'><strong>quem</strong></span> <span class='ocrx_word' id='word_1_110' title='bbox 2246 1427 2355 1464; x_wconf 90' lang='lat' dir='ltr'><strong>nec</strong></span> <span class='ocrx_word' id='word_1_111' title='bbox 2377 1407 2527 1464; x_wconf 90' lang='lat' dir='ltr'><strong>anti-</strong></span> 
     </span>
     <span class='ocr_line' id='line_1_15' title="bbox 393 1499 2528 1580; baseline 0.002 -24"><span class='ocrx_word' id='word_1_112' title='bbox 393 1499 740 1580; x_wconf 91' lang='lat' dir='ltr'><strong>quissimum</strong></span> <span class='ocrx_word' id='word_1_113' title='bbox 758 1505 1008 1579; x_wconf 90' lang='lat' dir='ltr'><strong>jactant.</strong></span> <span class='ocrx_word' id='word_1_114' title='bbox 1041 1499 1465 1562; x_wconf 89' lang='lat' dir='ltr'><strong>Animadverto</strong></span> <span class='ocrx_word' id='word_1_115' title='bbox 1496 1501 1565 1558; x_wconf 81' lang='grc'><strong>20</strong></span> <span class='ocrx_word' id='word_1_116' title='bbox 1594 1500 1912 1560; x_wconf 89' lang='lat' dir='ltr'><strong>nonnullas</strong></span> <span class='ocrx_word' id='word_1_117' title='bbox 1942 1511 2095 1561; x_wconf 81' lang='lat' dir='ltr'><strong>artes</strong></span> <span class='ocrx_word' id='word_1_118' title='bbox 2123 1510 2303 1559; x_wconf 86' lang='lat' dir='ltr'><strong>tantae</strong></span> <span class='ocrx_word' id='word_1_119' title='bbox 2334 1521 2528 1560; x_wconf 91' lang='lat' dir='ltr'><strong>neces·</strong></span> 
     </span>
     <span class='ocr_line' id='line_1_16' title="bbox 393 1594 2529 1677; baseline 0.001 -25"><span class='ocrx_word' id='word_1_120' title='bbox 393 1594 578 1654; x_wconf 92' lang='lat' dir='ltr'><strong>sitatis</strong></span> <span class='ocrx_word' id='word_1_121' title='bbox 606 1617 730 1655; x_wconf 91' lang='lat' dir='ltr'><strong>esse</strong></span> <span class='ocrx_word' id='word_1_122' title='bbox 764 1618 830 1655; x_wconf 89' lang='lat' dir='ltr'><strong>ac</strong></span> <span class='ocrx_word' id='word_1_123' title='bbox 857 1597 921 1654; x_wconf 93' lang='lat' dir='ltr'><strong>in</strong></span> <span class='ocrx_word' id='word_1_124' title='bbox 945 1618 1055 1654; x_wconf 92' lang='lat' dir='ltr'><strong>usu</strong></span> <span class='ocrx_word' id='word_1_125' title='bbox 1086 1595 1433 1677; x_wconf 89' lang='lat' dir='ltr'><strong>quotidiano</strong></span> <span class='ocrx_word' id='word_1_126' title='bbox 1456 1595 1676 1677; x_wconf 88' lang='lat' dir='ltr'><strong>positas</strong></span> <span class='ocrx_word' id='word_1_127' title='bbox 1697 1642 1712 1670; x_wconf 57' lang='lat' dir='ltr'>a</span> <span class='ocrx_word' id='word_1_128' title='bbox 1745 1608 1813 1654; x_wconf 91' lang='lat' dir='ltr'><strong>ut</strong></span> <span class='ocrx_word' id='word_1_129' title='bbox 1842 1595 1979 1655; x_wconf 87' lang='lat' dir='ltr'><strong>data</strong></span> <span class='ocrx_word' id='word_1_130' title='bbox 2003 1596 2180 1655; x_wconf 89' lang='lat' dir='ltr'><strong>etiam</strong></span> <span class='ocrx_word' id='word_1_131' title='bbox 2202 1594 2529 1677; x_wconf 87' lang='lat' dir='ltr'><strong>qualicum-</strong></span> 
     </span>
     <span class='ocr_line' id='line_1_17' title="bbox 392 1690 2527 1774; baseline 0.002 -26"><span class='ocrx_word' id='word_1_132' title='bbox 392 1712 507 1772; x_wconf 88' lang='lat' dir='ltr'><strong>que</strong></span> <span class='ocrx_word' id='word_1_133' title='bbox 546 1690 946 1752; x_wconf 81' lang='lat' dir='ltr'><strong>vicissitudine</strong></span> <span class='ocrx_word' id='word_1_134' title='bbox 974 1737 989 1766; x_wconf 68' lang='lat'><strong>‚</strong></span> <span class='ocrx_word' id='word_1_135' title='bbox 1037 1713 1348 1773; x_wconf 90' lang='lat' dir='ltr'><strong>nunquam</strong></span> <span class='ocrx_word' id='word_1_136' title='bbox 1398 1691 1629 1773; x_wconf 87' lang='lat' dir='ltr'><strong>possint</strong></span> <span class='ocrx_word' id='word_1_137' title='bbox 1680 1691 1999 1754; x_wconf 87' lang='lat' dir='ltr'><strong>obliterari.</strong></span> <span class='ocrx_word' id='word_1_138' title='bbox 2044 1693 2113 1751; x_wconf 90' lang='lat' dir='ltr'><strong>In</strong></span> <span class='ocrx_word' id='word_1_139' title='bbox 2159 1713 2527 1774; x_wconf 90' lang='lat' dir='ltr'><strong>quacumque</strong></span> 
     </span>
     <span class='ocr_line' id='line_1_18' title="bbox 388 1787 2522 1869; baseline 0 -24"><span class='ocrx_word' id='word_1_140' title='bbox 388 1798 703 1869; x_wconf 88' lang='lat' dir='ltr'><strong>propterea</strong></span> <span class='ocrx_word' id='word_1_141' title='bbox 741 1787 1089 1869; x_wconf 76' lang='lat' dir='ltr'><strong>hypothesi,</strong></span> <span class='ocrx_word' id='word_1_142' title='bbox 1131 1789 1242 1847; x_wconf 86' lang='lat' dir='ltr'><strong>nisi</strong></span> <span class='ocrx_word' id='word_1_143' title='bbox 1278 1788 1622 1850; x_wconf 89' lang='lat' dir='ltr'><strong>universum</strong></span> <span class='ocrx_word' id='word_1_144' title='bbox 1651 1787 1983 1847; x_wconf 89' lang='lat' dir='ltr'><strong>humanum</strong></span> <span class='ocrx_word' id='word_1_145' title='bbox 2022 1809 2203 1867; x_wconf 84' lang='lat' dir='ltr'><strong>genus</strong></span> <span class='ocrx_word' id='word_1_146' title='bbox 2248 1788 2522 1869; x_wconf 63' lang='lat' dir='ltr'><strong>perierit,</strong></span> 
     </span>
     <span class='ocr_line' id='line_1_19' title="bbox 390 1883 2526 1967; baseline 0.001 -25"><span class='ocrx_word' id='word_1_147' title='bbox 390 1904 515 1942; x_wconf 91' lang='lat' dir='ltr'><strong>non</strong></span> <span class='ocrx_word' id='word_1_148' title='bbox 542 1883 795 1966; x_wconf 90' lang='lat' dir='ltr'><strong>amplius</strong></span> <span class='ocrx_word' id='word_1_149' title='bbox 826 1907 972 1967; x_wconf 90' lang='lat' dir='ltr'><strong>opus</strong></span> <span class='ocrx_word' id='word_1_150' title='bbox 1003 1897 1157 1945; x_wconf 89' lang='lat' dir='ltr'><strong>esset</strong></span> <span class='ocrx_word' id='word_1_151' title='bbox 1185 1931 1202 1960; x_wconf 68' lang='grc'>,</span> <span class='ocrx_word' id='word_1_152' title='bbox 1239 1887 1340 1967; x_wconf 90' lang='lat' dir='ltr'><strong>qui</strong></span> <span class='ocrx_word' id='word_1_153' title='bbox 1375 1883 1470 1945; x_wconf 83' lang='lat' dir='ltr'><strong>vel</strong></span> <span class='ocrx_word' id='word_1_154' title='bbox 1494 1896 1756 1943; x_wconf 84' lang='lat' dir='ltr'><strong>aratrum</strong></span> <span class='ocrx_word' id='word_1_155' title='bbox 1790 1885 2120 1960; x_wconf 86' lang='lat' dir='ltr'><strong>inveniret,</strong></span> <span class='ocrx_word' id='word_1_156' title='bbox 2154 1884 2249 1945; x_wconf 89' lang='lat' dir='ltr'><strong>vel</strong></span> <span class='ocrx_word' id='word_1_157' title='bbox 2285 1885 2386 1967; x_wconf 91' lang='lat' dir='ltr'><strong>qui</strong></span> <span class='ocrx_word' id='word_1_158' title='bbox 2418 1907 2526 1944; x_wconf 91' lang='lat' dir='ltr'><strong>nos</strong></span> 
     </span>
     <span class='ocr_line' id='line_1_20' title="bbox 391 1978 2526 2063; baseline 0.001 -26"><span class='ocrx_word' id='word_1_159' title='bbox 391 1990 580 2039; x_wconf 88' lang='lat' dir='ltr'><strong>artem</strong></span> <span class='ocrx_word' id='word_1_160' title='bbox 605 1978 878 2040; x_wconf 85' lang='lat' dir='ltr'><strong>fabrilem</strong></span> <span class='ocrx_word' id='word_1_161' title='bbox 905 1981 1143 2040; x_wconf 87' lang='lat' dir='ltr'><strong>doceret</strong></span> <span class='ocrx_word' id='word_1_162' title='bbox 1161 2028 1176 2056; x_wconf 64' lang='lat'>7</span> <span class='ocrx_word' id='word_1_163' title='bbox 1208 1980 1304 2042; x_wconf 85' lang='lat' dir='ltr'><strong>vel</strong></span> <span class='ocrx_word' id='word_1_164' title='bbox 1327 1982 1428 2062; x_wconf 91' lang='lat' dir='ltr'><strong>qui</strong></span> <span class='ocrx_word' id='word_1_165' title='bbox 1457 1981 1643 2043; x_wconf 87' lang='lat' dir='ltr'><strong>vitem</strong></span> <span class='ocrx_word' id='word_1_166' title='bbox 1667 1981 2006 2041; x_wconf 84' lang='lat' dir='ltr'><strong>ostenderet</strong></span> <span class='ocrx_word' id='word_1_167' title='bbox 2027 2007 2041 2056; x_wconf 74' lang='grc' dir='ltr'><strong>ς</strong></span> <span class='ocrx_word' id='word_1_168' title='bbox 2064 2002 2258 2063; x_wconf 91' lang='lat' dir='ltr'><strong>neque</strong></span> <span class='ocrx_word' id='word_1_169' title='bbox 2275 1980 2526 2063; x_wconf 89' lang='lat' dir='ltr'><strong>amplius</strong></span> 
     </span>
     <span class='ocr_line' id='line_1_21' title="bbox 390 2074 2526 2160; baseline 0.001 -27"><span class='ocrx_word' id='word_1_170' title='bbox 390 2074 455 2132; x_wconf 91' lang='lat' dir='ltr'><strong>in</strong></span> <span class='ocrx_word' id='word_1_171' title='bbox 494 2074 741 2135; x_wconf 90' lang='lat' dir='ltr'><strong>deorum</strong></span> <span class='ocrx_word' id='word_1_172' title='bbox 763 2076 968 2135; x_wconf 89' lang='lat' dir='ltr'><strong>album</strong></span> <span class='ocrx_word' id='word_1_173' title='bbox 995 2077 1313 2136; x_wconf 89' lang='lat' dir='ltr'><strong>referretur</strong></span> <span class='ocrx_word' id='word_1_174' title='bbox 1339 2123 1356 2153; x_wconf 71' lang='grc'><em>,</em></span> <span class='ocrx_word' id='word_1_175' title='bbox 1387 2078 1489 2160; x_wconf 88' lang='lat' dir='ltr'><strong>qui</strong></span> <span class='ocrx_word' id='word_1_176' title='bbox 1517 2099 1625 2137; x_wconf 90' lang='lat' dir='ltr'><strong>nos</strong></span> <span class='ocrx_word' id='word_1_177' title='bbox 1653 2076 1727 2137; x_wconf 89' lang='lat' dir='ltr'><strong>de</strong></span> <span class='ocrx_word' id='word_1_178' title='bbox 1763 2076 2095 2137; x_wconf 88' lang='lat' dir='ltr'><strong>litterarum</strong></span> <span class='ocrx_word' id='word_1_179' title='bbox 2129 2099 2238 2135; x_wconf 90' lang='lat' dir='ltr'><strong>usu</strong></span> <span class='ocrx_word' id='word_1_180' title='bbox 2267 2077 2526 2136; x_wconf 86' lang='lat' dir='ltr'><strong>instrue-</strong></span> 
     </span>
     <span class='ocr_line' id='line_1_22' title="bbox 391 2171 1296 2253; baseline 0.004 -24"><span class='ocrx_word' id='word_1_181' title='bbox 391 2181 483 2230; x_wconf 85' lang='lat' dir='ltr'><strong>ret</strong></span> <span class='ocrx_word' id='word_1_182' title='bbox 514 2171 627 2253; x_wconf 84' lang='grc'><strong>(2).</strong></span> <span class='ocrx_word' id='word_1_183' title='bbox 653 2171 766 2232; x_wconf 90' lang='lat' dir='ltr'><strong>Sed</strong></span> <span class='ocrx_word' id='word_1_184' title='bbox 789 2172 915 2233; x_wconf 78' lang='lat' dir='ltr'><strong>haec</strong></span> <span class='ocrx_word' id='word_1_185' title='bbox 938 2174 1076 2232; x_wconf 90' lang='lat' dir='ltr'><strong>satis</strong></span> <span class='ocrx_word' id='word_1_186' title='bbox 1103 2185 1296 2233; x_wconf 90' lang='lat' dir='ltr'><strong>sunt0.</strong></span> 
     </span>
    </p>
   </div>
   <div class='ocr_carea' id='block_1_4' title="bbox 392 2365 1423 2758">
    <p class='ocr_par' dir='ltr' id='par_1_5' title="bbox 392 2365 1423 2758">
     <span class='ocr_line' id='line_1_23' title="bbox 394 2365 1420 2433; baseline 0 -19"><span class='ocrx_word' id='word_1_187' title='bbox 394 2365 591 2433; x_wconf 84' lang='lat' dir='ltr'><strong>AEgypto</strong></span> <span class='ocrx_word' id='word_1_188' title='bbox 619 2367 744 2433; x_wconf 86' lang='lat' dir='ltr'><strong>degit</strong></span> <span class='ocrx_word' id='word_1_189' title='bbox 775 2365 939 2415; x_wconf 86' lang='lat' dir='ltr'><strong>Jacobi</strong></span> <span class='ocrx_word' id='word_1_190' title='bbox 970 2365 1149 2415; x_wconf 89' lang='lat' dir='ltr'><strong>familia</strong></span> <span class='ocrx_word' id='word_1_191' title='bbox 1170 2366 1298 2432; x_wconf 83' lang='lat' dir='ltr'><strong>juxta</strong></span> <span class='ocrx_word' id='word_1_192' title='bbox 1324 2384 1420 2415; x_wconf 87' lang='lat' dir='ltr'><strong>eru·</strong></span> 
     </span>
     <span class='ocr_line' id='line_1_24' title="bbox 393 2449 1419 2514; baseline 0 -16"><span class='ocrx_word' id='word_1_193' title='bbox 393 2449 586 2504; x_wconf 78' lang='lat' dir='ltr'><strong>ditiores¹</strong></span> <span class='ocrx_word' id='word_1_194' title='bbox 614 2450 951 2514; x_wconf 83' lang='lat' dir='ltr'><strong>chronologos3</strong></span> <span class='ocrx_word' id='word_1_195' title='bbox 1001 2451 1064 2498; x_wconf 87' lang='lat' dir='ltr'><strong>ita</strong></span> <span class='ocrx_word' id='word_1_196' title='bbox 1109 2459 1269 2498; x_wconf 86' lang='lat' dir='ltr'><strong>tamen</strong></span> <span class='ocrx_word' id='word_1_197' title='bbox 1310 2467 1419 2514; x_wconf 88' lang='lat' dir='ltr'><strong>pro-</strong></span> 
     </span>
     <span class='ocr_line' id='line_1_25' title="bbox 392 2531 1420 2598; baseline -0.002 -17"><span class='ocrx_word' id='word_1_198' title='bbox 392 2543 558 2598; x_wconf 87' lang='lat' dir='ltr'><strong>pagata</strong></span> <span class='ocrx_word' id='word_1_199' title='bbox 598 2542 701 2593; x_wconf 87' lang='lat' dir='ltr'><strong>est,</strong></span> <span class='ocrx_word' id='word_1_200' title='bbox 748 2543 801 2581; x_wconf 88' lang='lat' dir='ltr'><strong>ut</strong></span> <span class='ocrx_word' id='word_1_201' title='bbox 845 2535 896 2579; x_wconf 90' lang='lat' dir='ltr'><strong>in</strong></span> <span class='ocrx_word' id='word_1_202' title='bbox 939 2534 1064 2581; x_wconf 81' lang='lat' dir='ltr'><strong>exitu</strong></span> <span class='ocrx_word' id='word_1_203' title='bbox 1108 2531 1420 2580; x_wconf 69' lang='lat' dir='ltr'><strong>Israelitarum</strong></span> 
     </span>
     <span class='ocr_line' id='line_1_26' title="bbox 395 2615 1421 2681; baseline -0.001 -16"><span class='ocrx_word' id='word_1_204' title='bbox 395 2631 452 2666; x_wconf 86' lang='lat' dir='ltr'><strong>ex</strong></span> <span class='ocrx_word' id='word_1_205' title='bbox 500 2615 692 2681; x_wconf 83' lang='lat' dir='ltr'><strong>AEgypto</strong></span> <span class='ocrx_word' id='word_1_206' title='bbox 751 2624 966 2664; x_wconf 86' lang='lat' dir='ltr'><strong>sexcenta</strong></span> <span class='ocrx_word' id='word_1_207' title='bbox 1010 2624 1056 2663; x_wconf 87' lang='lat' dir='ltr'><strong>et</strong></span> <span class='ocrx_word' id='word_1_208' title='bbox 1091 2615 1291 2679; x_wconf 89' lang='lat' dir='ltr'><strong>amplius</strong></span> <span class='ocrx_word' id='word_1_209' title='bbox 1334 2616 1421 2664; x_wconf 89' lang='lat' dir='ltr'><strong>ho-</strong></span> 
     </span>
     <span class='ocr_line' id='line_1_27' title="bbox 393 2696 1423 2758; baseline -0.002 -11"><span class='ocrx_word' id='word_1_210' title='bbox 393 2700 580 2747; x_wconf 90' lang='lat' dir='ltr'><strong>minum</strong></span> <span class='ocrx_word' id='word_1_211' title='bbox 633 2696 784 2746; x_wconf 88' lang='lat' dir='ltr'><strong>millia</strong></span> <span class='ocrx_word' id='word_1_212' title='bbox 835 2697 977 2746; x_wconf 86' lang='lat' dir='ltr'><strong>fuisse</strong></span> <span class='ocrx_word' id='word_1_213' title='bbox 1019 2697 1278 2746; x_wconf 85' lang='lat' dir='ltr'><strong>referantur</strong></span> <span class='ocrx_word' id='word_1_214' title='bbox 1307 2735 1321 2758; x_wconf 81' lang='lat'>,</span> <span class='ocrx_word' id='word_1_215' title='bbox 1377 2708 1423 2746; x_wconf 89' lang='lat' dir='ltr'><strong>et</strong></span> 
     </span>
    </p>
   </div>
   <div class='ocr_carea' id='block_1_5' title="bbox 1502 2366 2530 2763">
    <p class='ocr_par' dir='ltr' id='par_1_6' title="bbox 1502 2366 2530 2763">
     <span class='ocr_line' id='line_1_28' title="bbox 1502 2366 2530 2432; baseline -0.002 -17"><span class='ocrx_word' id='word_1_216' title='bbox 1502 2367 1742 2427; x_wconf 72' lang='lat' dir='ltr'><strong>referunt,</strong></span> <span class='ocrx_word' id='word_1_217' title='bbox 1785 2366 1863 2415; x_wconf 86' lang='lat' dir='ltr'><strong>sed</strong></span> <span class='ocrx_word' id='word_1_218' title='bbox 1906 2384 1932 2415; x_wconf 89' lang='lat' dir='ltr'><strong>a</strong></span> <span class='ocrx_word' id='word_1_219' title='bbox 1963 2367 2273 2432; x_wconf 86' lang='lat' dir='ltr'><strong>promissione</strong></span> <span class='ocrx_word' id='word_1_220' title='bbox 2309 2374 2530 2430; x_wconf 81' lang='lat' dir='ltr'><strong>repetunt</strong></span> 
     </span>
     <span class='ocr_line' id='line_1_29' title="bbox 1502 2447 2528 2508; baseline -0.003 -10"><span class='ocrx_word' id='word_1_221' title='bbox 1502 2450 1625 2498; x_wconf 84' lang='lat' dir='ltr'><strong>facta</strong></span> <span class='ocrx_word' id='word_1_222' title='bbox 1691 2448 1954 2497; x_wconf 81' lang='lat' dir='ltr'><strong>Abrahamo</strong></span> <span class='ocrx_word' id='word_1_223' title='bbox 2007 2447 2126 2497; x_wconf 88' lang='lat' dir='ltr'><strong>Gen.</strong></span> <span class='ocrx_word' id='word_1_224' title='bbox 2170 2464 2242 2495; x_wconf 85' lang='lat' dir='ltr'><strong>xu</strong></span> <span class='ocrx_word' id='word_1_225' title='bbox 2276 2485 2289 2508; x_wconf 87' lang='lat'>‚</span> <span class='ocrx_word' id='word_1_226' title='bbox 2367 2465 2528 2496; x_wconf 89' lang='lat' dir='ltr'><strong>secun·</strong></span> 
     </span>
     <span class='ocr_line' id='line_1_30' title="bbox 1502 2529 2526 2598; baseline -0.003 -18"><span class='ocrx_word' id='word_1_227' title='bbox 1502 2533 1618 2581; x_wconf 91' lang='lat' dir='ltr'><strong>dum</strong></span> <span class='ocrx_word' id='word_1_228' title='bbox 1640 2549 1781 2598; x_wconf 90' lang='lat' dir='ltr'><strong>quam</strong></span> <span class='ocrx_word' id='word_1_229' title='bbox 1812 2534 1967 2581; x_wconf 87' lang='lat' dir='ltr'><strong>statim</strong></span> <span class='ocrx_word' id='word_1_230' title='bbox 1992 2550 2017 2580; x_wconf 89' lang='lat' dir='ltr'><strong>a</strong></span> <span class='ocrx_word' id='word_1_231' title='bbox 2038 2529 2228 2579; x_wconf 75' lang='lat' dir='ltr'><strong>Char-an</strong></span> <span class='ocrx_word' id='word_1_232' title='bbox 2252 2546 2459 2594; x_wconf 84' lang='lat' dir='ltr'><strong>egressus</strong></span> <span class='ocrx_word' id='word_1_233' title='bbox 2476 2533 2526 2577; x_wconf 90' lang='lat' dir='ltr'><strong>in</strong></span> 
     </span>
     <span class='ocr_line' id='line_1_31' title="bbox 1503 2610 2525 2677; baseline -0.001 -14"><span class='ocrx_word' id='word_1_234' title='bbox 1503 2614 1814 2663; x_wconf 83' lang='lat' dir='ltr'><strong>Chananaeam</strong></span> <span class='ocrx_word' id='word_1_235' title='bbox 1856 2615 2193 2677; x_wconf 87' lang='lat' dir='ltr'><strong>commigravit.</strong></span> <span class='ocrx_word' id='word_1_236' title='bbox 2240 2610 2340 2660; x_wconf 83' lang='lat' dir='ltr'><strong>Csr.</strong></span> <span class='ocrx_word' id='word_1_237' title='bbox 2386 2611 2525 2662; x_wconf 84' lang='lat' dir='ltr'><strong>Joan.</strong></span> 
     </span>
     <span class='ocr_line' id='line_1_32' title="bbox 1503 2692 2527 2763; baseline -0.003 -18"><span class='ocrx_word' id='word_1_238' title='bbox 1503 2698 1639 2763; x_wconf 85' lang='lat' dir='ltr'><strong>Bapt.</strong></span> <span class='ocrx_word' id='word_1_239' title='bbox 1677 2695 1892 2746; x_wconf 87' lang='lat' dir='ltr'><strong>Ricciolii</strong></span> <span class='ocrx_word' id='word_1_240' title='bbox 1931 2695 1983 2745; x_wconf 91' lang='lat' dir='ltr'><strong>S.</strong></span> <span class='ocrx_word' id='word_1_241' title='bbox 2012 2695 2060 2745; x_wconf 86' lang='lat' dir='ltr'><strong>J.</strong></span> <span class='ocrx_word' id='word_1_242' title='bbox 2102 2692 2428 2758; x_wconf 71' lang='lat' dir='ltr'><strong>Chronoloyia</strong></span> <span class='ocrx_word' id='word_1_243' title='bbox 2459 2711 2527 2743; x_wconf 83' lang='lat' dir='ltr'><strong>re-</strong></span> 
     </span>
    </p>
   </div>
   <div class='ocr_carea' id='block_1_6' title="bbox 395 2774 2523 2846">
    <p class='ocr_par' dir='ltr' id='par_1_7' title="bbox 395 2774 2523 2846">
     <span class='ocr_line' id='line_1_33' title="bbox 395 2774 2523 2846; baseline -0.003 -16"><span class='ocrx_word' id='word_1_244' title='bbox 395 2799 449 2830; x_wconf 84' lang='lat' dir='ltr'><strong>ea</strong></span> <span class='ocrx_word' id='word_1_245' title='bbox 479 2778 674 2846; x_wconf 87' lang='lat' dir='ltr'><strong>quidem</strong></span> <span class='ocrx_word' id='word_1_246' title='bbox 708 2780 888 2829; x_wconf 74' lang='lat' dir='ltr'><strong>bellicas</strong></span> <span class='ocrx_word' id='word_1_247' title='bbox 911 2789 1099 2828; x_wconf 86' lang='lat' dir='ltr'><strong>tantum</strong></span> <span class='ocrx_word' id='word_1_248' title='bbox 1130 2783 1386 2846; x_wconf 84' lang='lat' dir='ltr'><strong>juventutis</strong></span> <span class='ocrx_word' id='word_1_249' title='bbox 1402 2817 1418 2844; x_wconf 86' lang='lat'>,</span> <span class='ocrx_word' id='word_1_250' title='bbox 1494 2782 1738 2845; x_wconf 81' lang='lat' dir='ltr'><strong>formata,</strong></span> <span class='ocrx_word' id='word_1_251' title='bbox 1758 2780 1940 2828; x_wconf 87' lang='lat' dir='ltr'><strong>Bonon.</strong></span> <span class='ocrx_word' id='word_1_252' title='bbox 1967 2774 2093 2844; x_wconf 85' lang='lat'>1669</span> <span class='ocrx_word' id='word_1_253' title='bbox 2111 2815 2124 2838; x_wconf 89' lang='lat'>‚</span> <span class='ocrx_word' id='word_1_254' title='bbox 2142 2788 2258 2825; x_wconf 90' lang='lat' dir='ltr'><strong>tom.</strong></span> <span class='ocrx_word' id='word_1_255' title='bbox 2283 2794 2327 2837; x_wconf 83' lang='lat'><strong>1,</strong></span> <span class='ocrx_word' id='word_1_256' title='bbox 2351 2777 2494 2825; x_wconf 85' lang='lat' dir='ltr'><strong>lib.v1</strong></span> <span class='ocrx_word' id='word_1_257' title='bbox 2510 2814 2523 2836; x_wconf 81' lang='lat'>‚</span> 
     </span>
    </p>
   </div>
   <div class='ocr_carea' id='block_1_7' title="bbox 396 2863 1423 3592">
    <p class='ocr_par' dir='ltr' id='par_1_8' title="bbox 396 2863 1423 3592">
     <span class='ocr_line' id='line_1_34' title="bbox 397 2863 1421 2929; baseline 0 -17"><span class='ocrx_word' id='word_1_258' title='bbox 397 2864 595 2928; x_wconf 82' lang='lat' dir='ltr'><strong>demptis</strong></span> <span class='ocrx_word' id='word_1_259' title='bbox 636 2881 805 2929; x_wconf 90' lang='lat' dir='ltr'><strong>nempe</strong></span> <span class='ocrx_word' id='word_1_260' title='bbox 841 2863 1117 2912; x_wconf 89' lang='lat' dir='ltr'><strong>mulieribus</strong></span> <span class='ocrx_word' id='word_1_261' title='bbox 1138 2901 1150 2924; x_wconf 82' lang='lat'>‚</span> <span class='ocrx_word' id='word_1_262' title='bbox 1191 2866 1343 2928; x_wconf 88' lang='lat' dir='ltr'><strong>pueris</strong></span> <span class='ocrx_word' id='word_1_263' title='bbox 1378 2874 1421 2912; x_wconf 87' lang='lat' dir='ltr'><strong>et</strong></span> 
     </span>
     <span class='ocr_line' id='line_1_35' title="bbox 397 2946 1421 3012; baseline -0.001 -18"><span class='ocrx_word' id='word_1_264' title='bbox 397 2946 587 2994; x_wconf 85' lang='lat' dir='ltr'><strong>senibus</strong></span> <span class='ocrx_word' id='word_1_265' title='bbox 607 2983 621 3007; x_wconf 85' lang='lat'><strong>,</strong></span> <span class='ocrx_word' id='word_1_266' title='bbox 646 2946 818 3012; x_wconf 86' lang='lat' dir='ltr'><strong>quibus</strong></span> <span class='ocrx_word' id='word_1_267' title='bbox 843 2963 924 3010; x_wconf 85' lang='lat' dir='ltr'><strong>per</strong></span> <span class='ocrx_word' id='word_1_268' title='bbox 940 2963 1103 2994; x_wconf 85' lang='lat' dir='ltr'><strong>sexum</strong></span> <span class='ocrx_word' id='word_1_269' title='bbox 1119 2956 1198 2993; x_wconf 89' lang='lat' dir='ltr'><strong>aut</strong></span> <span class='ocrx_word' id='word_1_270' title='bbox 1215 2963 1294 3010; x_wconf 87' lang='lat' dir='ltr'><strong>per</strong></span> <span class='ocrx_word' id='word_1_271' title='bbox 1311 2956 1421 2993; x_wconf 83' lang='lat' dir='ltr'><strong>aeta-</strong></span> 
     </span>
     <span class='ocr_line' id='line_1_36' title="bbox 399 3027 1420 3087; baseline -0.002 -10"><span class='ocrx_word' id='word_1_272' title='bbox 399 3038 492 3077; x_wconf 86' lang='lat' dir='ltr'><strong>tem</strong></span> <span class='ocrx_word' id='word_1_273' title='bbox 526 3045 653 3076; x_wconf 86' lang='lat' dir='ltr'><strong>arma</strong></span> <span class='ocrx_word' id='word_1_274' title='bbox 675 3037 868 3076; x_wconf 85' lang='lat' dir='ltr'><strong>tractare</strong></span> <span class='ocrx_word' id='word_1_275' title='bbox 893 3029 1088 3076; x_wconf 88' lang='lat' dir='ltr'><strong>minime</strong></span> <span class='ocrx_word' id='word_1_276' title='bbox 1104 3027 1275 3076; x_wconf 83' lang='lat' dir='ltr'><strong>licebat</strong></span> <span class='ocrx_word' id='word_1_277' title='bbox 1294 3064 1309 3087; x_wconf 83' lang='lat'><strong>,</strong></span> <span class='ocrx_word' id='word_1_278' title='bbox 1325 3031 1420 3076; x_wconf 90' lang='lat' dir='ltr'><strong>imo</strong></span> 
     </span>
     <span class='ocr_line' id='line_1_37' title="bbox 398 3109 1417 3175; baseline -0.001 -16"><span class='ocrx_word' id='word_1_279' title='bbox 398 3121 441 3159; x_wconf 88' lang='lat' dir='ltr'><strong>et</strong></span> <span class='ocrx_word' id='word_1_280' title='bbox 470 3110 735 3159; x_wconf 84' lang='lat' dir='ltr'><strong>Levitarum</strong></span> <span class='ocrx_word' id='word_1_281' title='bbox 769 3112 930 3175; x_wconf 81' lang='lat' dir='ltr'><strong>viginti</strong></span> <span class='ocrx_word' id='word_1_282' title='bbox 960 3110 1143 3158; x_wconf 89' lang='lat' dir='ltr'><strong>duobus</strong></span> <span class='ocrx_word' id='word_1_283' title='bbox 1181 3109 1417 3172; x_wconf 84' lang='lat' dir='ltr'><strong>millibus,</strong></span> 
     </span>
     <span class='ocr_line' id='line_1_38' title="bbox 397 3192 1421 3259; baseline 0.001 -17"><span class='ocrx_word' id='word_1_284' title='bbox 397 3193 457 3242; x_wconf 89' lang='lat' dir='ltr'><strong>ad</strong></span> <span class='ocrx_word' id='word_1_285' title='bbox 476 3194 787 3241; x_wconf 85' lang='lat' dir='ltr'><strong>ministerium</strong></span> <span class='ocrx_word' id='word_1_286' title='bbox 807 3193 1161 3259; x_wconf 82' lang='lat' dir='ltr'><strong>custodiamque</strong></span> <span class='ocrx_word' id='word_1_287' title='bbox 1183 3192 1421 3243; x_wconf 87' lang='lat' dir='ltr'><strong>excuban-</strong></span> 
     </span>
     <span class='ocr_line' id='line_1_39' title="bbox 397 3273 1421 3341; baseline 0.003 -18"><span class='ocrx_word' id='word_1_288' title='bbox 397 3278 535 3324; x_wconf 83' lang='lat' dir='ltr'><strong>tium.</strong></span> <span class='ocrx_word' id='word_1_289' title='bbox 558 3274 664 3323; x_wconf 88' lang='lat' dir='ltr'><strong>Dixi</strong></span> <span class='ocrx_word' id='word_1_290' title='bbox 696 3273 793 3323; x_wconf 86' lang='lat'><strong>215</strong></span> <span class='ocrx_word' id='word_1_291' title='bbox 827 3276 997 3334; x_wconf 81' lang='lat' dir='ltr'><strong>annos3</strong></span> <span class='ocrx_word' id='word_1_292' title='bbox 1019 3293 1128 3324; x_wconf 91' lang='lat' dir='ltr'><strong>nam</strong></span> <span class='ocrx_word' id='word_1_293' title='bbox 1153 3294 1298 3325; x_wconf 88' lang='lat' dir='ltr'><strong>annos</strong></span> <span class='ocrx_word' id='word_1_294' title='bbox 1322 3276 1421 3341; x_wconf 75' lang='grc'><strong>430</strong></span> 
     </span>
     <span class='ocr_line' id='line_1_40' title="bbox 396 3360 1422 3427; baseline -0.001 -17"><span class='ocrx_word' id='word_1_295' title='bbox 396 3363 780 3427; x_wconf 84' lang='lat' dir='ltr'><strong>peregrinationis</strong></span> <span class='ocrx_word' id='word_1_296' title='bbox 798 3360 1102 3410; x_wconf 80' lang='lat' dir='ltr'><strong>Hebraeorum</strong></span> <span class='ocrx_word' id='word_1_297' title='bbox 1123 3398 1136 3422; x_wconf 84' lang='lat'>‚</span> <span class='ocrx_word' id='word_1_298' title='bbox 1165 3360 1222 3408; x_wconf 91' lang='lat' dir='ltr'><strong>de</strong></span> <span class='ocrx_word' id='word_1_299' title='bbox 1251 3360 1422 3426; x_wconf 89' lang='lat' dir='ltr'><strong>quibus</strong></span> 
     </span>
     <span class='ocr_line' id='line_1_41' title="bbox 398 3442 1423 3511; baseline 0 -20"><span class='ocrx_word' id='word_1_300' title='bbox 398 3443 550 3493; x_wconf 87' lang='lat' dir='ltr'><strong>Galat.</strong></span> <span class='ocrx_word' id='word_1_301' title='bbox 585 3443 681 3506; x_wconf 85' lang='lat' dir='ltr'><strong>Ill,</strong></span> <span class='ocrx_word' id='word_1_302' title='bbox 729 3461 784 3511; x_wconf 83' lang='lat'><strong>¹7</strong></span> <span class='ocrx_word' id='word_1_303' title='bbox 808 3482 821 3504; x_wconf 88' lang='lat'><strong>‚</strong></span> <span class='ocrx_word' id='word_1_304' title='bbox 854 3444 1127 3493; x_wconf 84' lang='lat' dir='ltr'><strong>eruditiores</strong></span> <span class='ocrx_word' id='word_1_305' title='bbox 1154 3442 1423 3508; x_wconf 84' lang='lat' dir='ltr'><strong>chronologi</strong></span> 
     </span>
     <span class='ocr_line' id='line_1_42' title="bbox 398 3526 1421 3592; baseline 0 -17"><span class='ocrx_word' id='word_1_306' title='bbox 398 3544 496 3576; x_wconf 89' lang='lat' dir='ltr'><strong>non</strong></span> <span class='ocrx_word' id='word_1_307' title='bbox 531 3526 590 3576; x_wconf 90' lang='lat' dir='ltr'><strong>ad</strong></span> <span class='ocrx_word' id='word_1_308' title='bbox 630 3529 902 3577; x_wconf 85' lang='lat' dir='ltr'><strong>servitutem</strong></span> <span class='ocrx_word' id='word_1_309' title='bbox 930 3526 1119 3575; x_wconf 88' lang='lat' dir='ltr'><strong>illorum</strong></span> <span class='ocrx_word' id='word_1_310' title='bbox 1149 3527 1199 3574; x_wconf 89' lang='lat' dir='ltr'><strong>in</strong></span> <span class='ocrx_word' id='word_1_311' title='bbox 1229 3526 1421 3592; x_wconf 83' lang='lat' dir='ltr'><strong>AEgypto</strong></span> 
     </span>
    </p>
   </div>
   <div class='ocr_carea' id='block_1_8' title="bbox 1502 2858 2529 3592">
    <p class='ocr_par' dir='ltr' id='par_1_9' title="bbox 1502 2858 2525 3090">
     <span class='ocr_line' id='line_1_43' title="bbox 1503 2858 2524 2927; baseline -0.006 -15"><span class='ocrx_word' id='word_1_312' title='bbox 1503 2880 1607 2927; x_wconf 88' lang='lat' dir='ltr'><strong>cap.</strong></span> <span class='ocrx_word' id='word_1_313' title='bbox 1645 2861 1679 2910; x_wconf 85' lang='lat'>6</span> <span class='ocrx_word' id='word_1_314' title='bbox 1701 2900 1714 2924; x_wconf 92' lang='lat'>,</span> <span class='ocrx_word' id='word_1_315' title='bbox 1747 2862 1899 2910; x_wconf 90' lang='lat' dir='ltr'><strong>concl.</strong></span> <span class='ocrx_word' id='word_1_316' title='bbox 1932 2859 1996 2922; x_wconf 85' lang='lat'><strong>6,</strong></span> <span class='ocrx_word' id='word_1_317' title='bbox 2031 2878 2141 2925; x_wconf 85' lang='lat' dir='ltr'><strong>pag.</strong></span> <span class='ocrx_word' id='word_1_318' title='bbox 2173 2858 2273 2926; x_wconf 87' lang='lat'><strong>259</strong></span> <span class='ocrx_word' id='word_1_319' title='bbox 2301 2869 2346 2907; x_wconf 88' lang='lat' dir='ltr'><strong>et</strong></span> <span class='ocrx_word' id='word_1_320' title='bbox 2368 2876 2524 2925; x_wconf 86' lang='lat' dir='ltr'><strong>seqq.;</strong></span> 
     </span>
     <span class='ocr_line' id='line_1_44' title="bbox 1502 2941 2525 3007; baseline -0.003 -14"><span class='ocrx_word' id='word_1_321' title='bbox 1502 2945 1601 2993; x_wconf 85' lang='lat' dir='ltr'><strong>vid.</strong></span> <span class='ocrx_word' id='word_1_322' title='bbox 1632 2948 1771 2993; x_wconf 89' lang='lat' dir='ltr'><strong>etiam</strong></span> <span class='ocrx_word' id='word_1_323' title='bbox 1818 2945 1977 2993; x_wconf 88' lang='lat' dir='ltr'><strong>Petav.</strong></span> <span class='ocrx_word' id='word_1_324' title='bbox 2008 2941 2090 2990; x_wconf 86' lang='lat' dir='ltr'><strong>De</strong></span> <span class='ocrx_word' id='word_1_325' title='bbox 2129 2941 2351 2990; x_wconf 80' lang='lat' dir='ltr'><strong>doctrina</strong></span> <span class='ocrx_word' id='word_1_326' title='bbox 2381 2950 2525 3007; x_wconf 81' lang='lat' dir='ltr'><strong>temp.</strong></span> 
     </span>
     <span class='ocr_line' id='line_1_45' title="bbox 1502 3023 2525 3090; baseline -0.004 -15"><span class='ocrx_word' id='word_1_327' title='bbox 1502 3037 1620 3077; x_wconf 86' lang='lat' dir='ltr'><strong>tom.</strong></span> <span class='ocrx_word' id='word_1_328' title='bbox 1644 3045 1710 3087; x_wconf 87' lang='lat'><strong>11,</strong></span> <span class='ocrx_word' id='word_1_329' title='bbox 1745 3027 1831 3075; x_wconf 84' lang='lat' dir='ltr'><strong>lib.</strong></span> <span class='ocrx_word' id='word_1_330' title='bbox 1851 3043 1899 3073; x_wconf 79' lang='lat' dir='ltr'><strong>ix</strong></span> <span class='ocrx_word' id='word_1_331' title='bbox 1922 3063 1935 3086; x_wconf 75' lang='lat'><em>‚</em></span> <span class='ocrx_word' id='word_1_332' title='bbox 1967 3043 2071 3090; x_wconf 88' lang='lat' dir='ltr'><strong>cap.</strong></span> <span class='ocrx_word' id='word_1_333' title='bbox 2107 3023 2191 3073; x_wconf 86' lang='lat'><strong>25.</strong></span> <span class='ocrx_word' id='word_1_334' title='bbox 2213 3024 2352 3072; x_wconf 87' lang='lat' dir='ltr'><strong>Antv.</strong></span> <span class='ocrx_word' id='word_1_335' title='bbox 2379 3023 2525 3088; x_wconf 83' lang='lat'><strong>1703.</strong></span> 
     </span>
    </p>

    <p class='ocr_par' dir='ltr' id='par_1_10' title="bbox 1504 3106 2527 3259">
     <span class='ocr_line' id='line_1_46' title="bbox 1578 3106 2527 3177; baseline -0.001 -21"><span class='ocrx_word' id='word_1_336' title='bbox 1578 3111 1642 3174; x_wconf 92' lang='lat' dir='ltr'><strong>(l)</strong></span> <span class='ocrx_word' id='word_1_337' title='bbox 1682 3110 1866 3177; x_wconf 80' lang='lat' dir='ltr'><strong>Bailly‚</strong></span> <span class='ocrx_word' id='word_1_338' title='bbox 1899 3107 2040 3156; x_wconf 79' lang='lat' dir='ltr'><strong>Hist.</strong></span> <span class='ocrx_word' id='word_1_339' title='bbox 2083 3117 2174 3156; x_wconf 88' lang='lat' dir='ltr'><strong>etc.</strong></span> <span class='ocrx_word' id='word_1_340' title='bbox 2209 3106 2367 3155; x_wconf 87' lang='lat' dir='ltr'><strong>Celsus</strong></span> <span class='ocrx_word' id='word_1_341' title='bbox 2403 3107 2527 3171; x_wconf 86' lang='lat' dir='ltr'><strong>apud</strong></span> 
     </span>
     <span class='ocr_line' id='line_1_47' title="bbox 1504 3191 2184 3259; baseline -0.006 -17"><span class='ocrx_word' id='word_1_342' title='bbox 1504 3193 1752 3259; x_wconf 81' lang='lat' dir='ltr'><strong>Origenem</strong></span> <span class='ocrx_word' id='word_1_343' title='bbox 1773 3230 1785 3250; x_wconf 90' lang='lat'>‚</span> <span class='ocrx_word' id='word_1_344' title='bbox 1817 3191 1902 3239; x_wconf 84' lang='lat' dir='ltr'><strong>lib.</strong></span> <span class='ocrx_word' id='word_1_345' title='bbox 1923 3208 1941 3237; x_wconf 94' lang='lat'>1</span> <span class='ocrx_word' id='word_1_346' title='bbox 1969 3229 1982 3250; x_wconf 80' lang='lat'>‚</span> <span class='ocrx_word' id='word_1_347' title='bbox 2015 3209 2066 3239; x_wconf 90' lang='lat' dir='ltr'><strong>n.</strong></span> <span class='ocrx_word' id='word_1_348' title='bbox 2105 3206 2184 3238; x_wconf 87' lang='lat'><strong>20.</strong></span> 
     </span>
    </p>

    <p class='ocr_par' dir='ltr' id='par_1_11' title="bbox 1503 3270 2529 3592">
     <span class='ocr_line' id='line_1_48' title="bbox 1575 3270 2525 3340; baseline -0.006 -17"><span class='ocrx_word' id='word_1_349' title='bbox 1575 3276 1646 3340; x_wconf 81' lang='lat'><strong>(2)</strong></span> <span class='ocrx_word' id='word_1_350' title='bbox 1677 3275 1775 3323; x_wconf 87' lang='lat' dir='ltr'><strong>Cfr.</strong></span> <span class='ocrx_word' id='word_1_351' title='bbox 1810 3273 2035 3332; x_wconf 85' lang='lat' dir='ltr'><strong>Brocchi,</strong></span> <span class='ocrx_word' id='word_1_352' title='bbox 2075 3271 2418 3336; x_wconf 77' lang='lat' dir='ltr'><strong>Conchioloqia</strong></span> <span class='ocrx_word' id='word_1_353' title='bbox 2433 3270 2525 3335; x_wconf 83' lang='lat' dir='ltr'><strong>fos-</strong></span> 
     </span>
     <span class='ocr_line' id='line_1_49' title="bbox 1503 3355 2529 3420; baseline -0.006 -13"><span class='ocrx_word' id='word_1_354' title='bbox 1503 3358 1624 3420; x_wconf 78' lang='lat' dir='ltr'><strong>sile,</strong></span> <span class='ocrx_word' id='word_1_355' title='bbox 1664 3368 1754 3407; x_wconf 88' lang='lat' dir='ltr'><strong>etc.</strong></span> <span class='ocrx_word' id='word_1_356' title='bbox 1797 3355 2197 3415; x_wconf 69' lang='lat' dir='ltr'><strong>Introduzio‘ne,</strong></span> <span class='ocrx_word' id='word_1_357' title='bbox 2246 3372 2353 3420; x_wconf 81' lang='lat' dir='ltr'><strong>pag.</strong></span> <span class='ocrx_word' id='word_1_358' title='bbox 2400 3355 2469 3418; x_wconf 82' lang='lat'><strong>39</strong></span> <span class='ocrx_word' id='word_1_359' title='bbox 2504 3371 2529 3400; x_wconf 91' lang='lat' dir='ltr'><strong>e</strong></span> 
     </span>
     <span class='ocr_line' id='line_1_50' title="bbox 1505 3435 2529 3508; baseline -0.011 -16"><span class='ocrx_word' id='word_1_360' title='bbox 1505 3461 1628 3508; x_wconf 88' lang='lat' dir='ltr'><strong>seq.‚</strong></span> <span class='ocrx_word' id='word_1_361' title='bbox 1651 3440 1734 3489; x_wconf 87' lang='lat' dir='ltr'><strong>ubi</strong></span> <span class='ocrx_word' id='word_1_362' title='bbox 1762 3439 2013 3488; x_wconf 85' lang='lat' dir='ltr'><strong>absurdam</strong></span> <span class='ocrx_word' id='word_1_363' title='bbox 2046 3439 2417 3487; x_wconf 83' lang='lat' dir='ltr'><strong>adversariorum</strong></span> <span class='ocrx_word' id='word_1_364' title='bbox 2443 3435 2529 3500; x_wconf 77' lang='lat' dir='ltr'><strong>hy-</strong></span> 
     </span>
     <span class='ocr_line' id='line_1_51' title="bbox 1504 3522 2193 3592; baseline -0.006 -17"><span class='ocrx_word' id='word_1_365' title='bbox 1504 3526 1731 3592; x_wconf 85' lang='lat' dir='ltr'><strong>pothesim</strong></span> <span class='ocrx_word' id='word_1_366' title='bbox 1756 3522 1943 3572; x_wconf 90' lang='lat' dir='ltr'><strong>abunde</strong></span> <span class='ocrx_word' id='word_1_367' title='bbox 1965 3522 2193 3571; x_wconf 85' lang='lat' dir='ltr'><strong>confutat.</strong></span> 
     </span>
    </p>
   </div>
  </div>
 </body>
</html>
