2580 4152
2121 230 2234 290 103

539 247 694 287 nar.
740 249 804 286 11.
854 248 974 285 cu.
1021 249 1106 285 111.
1152 249 1219 284 nn
1262 230 1505 287 uoss'ica
1548 248 1781 288 EPOCHA.

928 441 1410 490 DIFFICULTATES.

211 595 351 654 216.
395 591 526 670 Obj.
573 593 783 674 primo,
836 593 897 650 10
936 591 1192 652 Chaldaei
1227 597 1348 671 jam
1388 592 1462 651 ab
1492 593 1804 653 Alexandri
1845 605 2051 670 aetate.
2085 605 2235 655 teste

127 689 375 751 Diodoro
417 687 603 746 Siculo
651 685 774 766 (l),
820 688 1231 747 astronomicas
1266 686 1699 749 observationes
1741 689 2055 751 servabant
2089 712 2236 772 qua-

126 785 571 864 dringentorum
600 784 967 864 septuaginta
992 782 1241 841 duorum
1269 804 1561 842 annorum
1580 784 1851 844 millium.
1876 785 1944 842 20
1964 784 2235 844 Herodo-

124 892 217 938 tus
243 891 459 961 praetel
462 900 524 938 ea
551 878 767 951 refert
797 899 856 936 se
876 878 1159 958 accepisse
1185 900 1217 936 a
1242 878 1636 937 sacerdotibus
1662 880 1957 960 aegyptiis
1986 901 2017 938 a
2045 881 2236 989 primo

122 975 383 1056 ipsorum
407 995 538 1053 lege
566 973 828 1032 Vulcano
867 972 983 1031 330
1012 994 1172 1051 reges
1198 992 1465 1051 regnasse
1499 995 1683 1055 usque
1714 974 1788 1033 ad
1815 976 2091 1048 Moerim
2134 977 2234 1057 qui

116 1076 282 1149 juxta
322 1068 448 1127 illos
500 1066 779 1148 regnabat
821 1089 977 1126 anno
1031 1067 1187 1125 1350
1237 1078 1375 1125 ante
1423 1078 1631 1125 natum
1674 1065 1975 1127 Christum
2033 1079 2091 1128 et
2145 1092 2237 1129 us-

120 1186 237 1249 que
265 1163 340 1222 ad
371 1121 595 1222 Setumo
602 1162 742 1221 alios
766 1161 879 1220 341
918 1181 1186 1241 regnasse
1208 1182 1315 1241 per
1355 1182 1540 1220 annos
1574 1162 1643 1220 11
1656 1162 1841 1236 340·
1827 1163 2236 1247 eosdemque

122 1260 176 1334 ei
225 1257 542 1317 ostendisse
592 1255 711 1315 345
747 1256 935 1336 lignea
992 1254 1296 1314 simulacra
1335 1302 1350 1330 ,
1395 1256 1675 1336 imagines
1707 1279 1830 1339 prae
1889 1279 1948 1317 se
1986 1258 2233 1319 ferentia

123 1353 370 1412 totidem
409 1352 788 1433 pontificum
847 1352 946 1432 qui
974 1372 1006 1408 a
1033 1362 1199 1431 patre
1233 1351 1296 1408 in
1349 1350 1534 1410 filium
1572 1351 1720 1410 alter
1750 1352 1919 1412 alteri
1958 1374 2239 1413 successe-

119 1459 289 1521 rant3
331 1445 628 1505 addebant
659 1457 825 1504 tanto
865 1445 965 1504 illo
986 1446 1268 1527 temporis
1313 1448 1499 1527 spatio
1536 1445 1624 1505 bis
1661 1445 1844 1506 solem
1885 1457 2080 1506 ortum
2111 1470 2235 1509 esse

119 1542 193 1602 ad
237 1541 593 1601 occidentem
631 1585 652 1613 ,
696 1539 833 1599 bis
819 1541 1073 1599 mvicem
1109 1539 1185 1598 ad
1241 1541 1530 1600 orientem
1577 1540 1848 1601 occidisse
1897 1542 2035 1623 (2)·
2020 1589 2036 1616 ‚
2105 1545 2236 1624 qui-
2323 1609 2332 1615 ⁸

117 1637 227 1696 bus
257 1639 304 1696 si
326 1637 602 1696 accedant
631 1636 1066 1696 observationes
1097 1637 1500 1695 astronomicae
1527 1635 1809 1695 Indorum
1838 1648 2013 1718 atque
2036 1637 2237 1697 Sinen-

117 1735 266 1792 sium
290 1778 306 1806 ,
345 1744 577 1791 tantum
603 1753 724 1790 non
762 1732 1022 1790 conlecta
1051 1752 1142 1789 res
1180 1731 1290 1790 erit
1329 1731 1443 1811 (3).
1477 1731 1616 1790 Haec
1643 1743 1838 1791 autem
1878 1733 2235 1791 confirman-

114 1840 213 1887 tur
249 1849 320 1888 ex
346 1828 587 1891 zodiacis
618 1839 677 1886 et
705 1825 1102 1909 planispherio
1129 1848 1250 1885 non
1274 1827 1354 1885 ita
1385 1827 1618 1908 pridem
1644 1826 1883 1886 detectis
1906 1828 1969 1885 in
1999 1827 2235 1909 templis

114 1924 380 2003 Tentyrae
412 1935 586 2004 atque
622 1921 911 2003 Latopolis
950 1921 1179 2002 (Esne)
1201 1967 1216 1995 .,
1263 1943 1329 1980 ex
1368 1921 1577 2003 quibus
1615 1933 1778 2003 patet,
1797 1927 1966 1999 juxta
2009 1923 2235 2003 regulas

106 2022 517 2097 praecessionis
539 2021 1034 2097 aequinoctiorum
1059 2038 1092 2075 a
1126 2015 1432 2076 duodecim
1454 2017 1638 2077 ferme
1657 2038 1953 2077 annorum
1976 2015 2234 2077 millibus

115 2135 181 2173 ea
205 2113 469 2194 exculpta
496 2113 668 2172 fuisse
699 2112 810 2194 (4).
845 2114 1013 2191 Ergo,

120 2349 258 2397 quam
294 2331 412 2378 nihil
458 2333 649 2378 omnino
677 2330 750 2377 his
794 2328 1084 2394 indigeamus
1102 2367 1116 2388 ‚

118 2412 575 2461 animadvertendum
625 2422 782 2461 tamen
814 2422 882 2460 est
908 2449 921 2472 ,
988 2428 1121 2477 posse

118 2497 255 2542 etiam
274 2510 510 2560 quemque
528 2494 819 2543 Catholieum
839 2496 973 2558 sequi
989 2494 1116 2542 chro-

115 2577 348 2639 nologiam
393 2593 475 2624 Lxx
508 2574 581 2624 vel
620 2586 766 2623 textus
824 2578 1115 2639 samaritani3

115 2659 322 2723 adeoque
354 2670 444 2705 tam
467 2659 571 2705 licet
590 2694 603 2715 ‚
643 2658 765 2704 salva
803 2657 894 2705 fide
921 2674 1119 2721 ‚ponere

116 2741 292 2788 circiter
318 2738 449 2801 4000
468 2755 614 2785 annos
656 2741 776 2786 inter
811 2739 1042 2786 Adamum
1075 2750 1119 2787 et

117 2836 252 2868 aeram
282 2820 576 2868 christianam
598 2857 611 2879 ‚
660 2838 801 2884 quam
834 2818 961 2886 4891
1008 2834 1116 2868 eum

117 2900 173 2950 P.
192 2901 505 2950 Toni-nemine
523 2939 536 2959 ‚
557 2901 627 2950 vel
643 2899 777 2968 5199
794 2918 902 2949 eum
923 2901 1117 2950 Eusebio

118 2982 254 3042 Caes„
270 2983 392 3032 Beda
409 2994 454 3032 et
470 2983 789 3048 Martyrologio
804 2983 1028 3043 Romano,
1047 2985 1119 3033 vel

118 3066 254 3112 etiam
282 3063 412 3128 5504
435 3083 540 3114 cum
561 3065 761 3114 Ecclesia
789 3067 1084 3114 alexandrina
1102 3104 1116 3127 ,

122 3142 251 3193 5508
298 3163 404 3194 eum
443 3146 700 3212 Theophilo
751 3148 1027 3196 antiocheno
1075 3158 1118 3196 et

119 3225 295 3275 Chron.
320 3229 459 3289 alex„
480 3227 611 3277 5510
625 3246 733 3277 cum
748 3229 950 3278 Ecclesia
968 3229 1117 3278 Cons-

118 3306 519 3372 tantinopolitano,
537 3309 669 3374 5604
681 3329 786 3359 cum
803 3311 1115 3372 Clem.Alex.,

119 3387 250 3438 5800
264 3390 614 3440 eum-Lactantio
634 3429 648 3455 ‚
666 3391 795 3459 5972
812 3411 918 3441 eum
936 3393 989 3441 Ρ.
1006 3392 1118 3442 Pez-

119 3488 203 3519 ron
221 3509 234 3530 ‚
251 3470 378 3519 6000
397 3490 503 3521 cum
518 3473 567 3522 S.
585 3474 816 3540 Cypriano
830 3513 842 3535 ‚
863 3473 994 3538 6004
1011 3493 1120 3523 cum

121 3551 276 3602 Isaaco
313 3554 469 3602 Vossio
487 3591 500 3613 ‚
539 3554 629 3604 601
647 3574 662 3603 1
710 3574 819 3605 eum
853 3558 904 3606 S.
934 3557 1118 3605 Juliano

122 3633 333 3684 Toletan.
353 3636 426 3684 vel
445 3633 570 3685 6311
612 3654 718 3686 cum
737 3639 981 3705 Onuphrio
1000 3639 1120 3687 Pan·

124 3717 251 3764 vinio
267 3751 283 3777 ‚
315 3717 553 3784 adeoque,
582 3721 619 3766 si
635 3736 788 3770 revera
821 3731 997 3770 tantam
1026 3721 1118 3769 hu-

1219 2331 1348 2377 mani
1378 2332 1555 2393 generis
1584 2331 1902 2396 antiquitatem
1920 2340 2042 2379 certa
2063 2347 2232 2378 monu-

1220 2401 1374 2459 menta
1404 2412 1804 2472 demonstrarent,
1835 2413 1903 2459 nil
1937 2412 2047 2460 inde
2073 2413 2231 2476 religio

1218 2503 1265 2543 et
1291 2511 1525 2542 sacrorum
1554 2495 1768 2543 codicum
1806 2496 2053 2543 auctoritas
2087 2491 2230 2542 detri-

1218 2579 1361 2626 menti
1391 2586 1586 2640 caperet.

1282 2658 1346 2717 (1)
1384 2656 1621 2705 Biblioth.
1639 2657 1724 2703 lib.
1752 2674 1788 2704 11
1806 2694 1819 2718 ‚
1839 2675 1937 2721 pag.
1965 2653 2056 2703 118
2076 2692 2090 2715 ,
2114 2656 2226 2704 edit.

1217 2738 1356 2786 Laur.
1375 2738 1672 2786 Rhodomani
1695 2775 1708 2797 ‚
1738 2738 1921 2785 Hanov.
1946 2734 2088 2800 1604.

1283 2820 1356 2882 (2)
1398 2819 1627 2868 Herodot.
1672 2818 1758 2867 lib.
1809 2835 1844 2866 u
1874 2855 1887 2878 ‚
1931 2828 2034 2884 pag.
2076 2818 2140 2869 55
2184 2829 2230 2867 et

1217 2920 1321 2967 pag.
1354 2900 1454 2963 64;
1487 2902 1598 2950 edit.
1634 2901 1780 2950 Henr.
1819 2901 2041 2966 Stephani
2079 2899 2222 2950 1566.

1286 2984 1350 3048 (3)
1387 2984 1562 3032 Mirum
1591 2993 1658 3032 est
1683 2993 1913 3049 quantum
1950 2984 2124 3032 tribuat
2153 3001 2228 3031 as·-

1218 3068 1484 3114 tronomicis
1526 3065 1929 3114 observationibus
1965 3065 2220 3122 Indorum,

1217 3149 1484 3198 Sinensium
1500 3183 1516 3209 ‚
1554 3158 1645 3197 etc.
1669 3148 1817 3213 Bailly
1839 3151 1889 3196 in
1917 3165 2000 3195 suo
2055 3146 2222 3194 Traite

1218 3231 1275 3279 de
1304 3230 1625 3278 l’aatronomie
1643 3229 1874 3277 indicum
1901 3237 1947 3277 et
1969 3227 2225 3287 orientale,

1218 3312 1356 3376 in-40.
1387 3313 1512 3360 Paris
1536 3310 1810 3376 ¹787·,Cf1··
1844 3311 2087 3359 Disootors
2109 3314 2227 3375 pre—

1218 3395 1500 3454 liminaire,
1542 3412 1648 3459 pag.
1687 3410 1778 3442 110
1809 3404 1854 3442 et
1884 3395 2024 3451 suiv„
2064 3407 2156 3456 129
2183 3399 2229 3438 et

1217 3464 1372 3537 suiv..
1402 3475 1493 3540 140
1524 3487 1632 3535 etc.;
1651 3486 1719 3524 ast
1743 3494 1839 3524 non
1856 3475 2018 3524 leviter
2048 3472 2229 3536 vapulat

1218 3577 1244 3607 a
1262 3558 1534 3618 Delambre,
1550 3576 1690 3624 quem
1712 3558 1907 3606 inferius
1928 3555 2229 3620 proferemus.

1287 3641 1348 3703 (k)
1386 3640 1586 3689 Nomine
1617 3639 1960 3705 prmo-essionis
1986 3637 2232 3700 oequinoe-

1224 3723 1405 3770 tiorum
1432 3724 1559 3771 venit
1585 3731 1737 3770 motus
1768 3736 1887 3785 pene
1920 3717 2231 3785 insensibilis,
