2580 4152
413 205 529 265 308
1075 234 1272 272 macr.
1321 236 1390 273 nn
1433 236 1540 275 nno
1582 238 1887 281 cannonn.

1265 402 1613 454 ARTICULUS
1650 406 1711 456 11.

1218 552 1308 611 De
1349 553 1740 634 PurqatoriO.

497 742 635 801 683.
685 741 1009 822 Purgatorii
1055 743 1299 803 nomine
1362 744 1756 825 significamus
1811 756 2032 805 statum
2071 750 2417 831 expiationis
2460 753 2537 811 ad

414 851 650 920 tempus
682 837 977 897 duraturae
1010 884 1025 913 ,
1061 838 1119 896 in
1159 860 1276 920 quo
1315 839 1527 898 animae
1561 844 1735 918 justae
1765 838 2053 901 obstrictae
2088 843 2331 904 vinculis
2354 868 2418 905 ac
2448 846 2545 906 de-

410 933 537 993 bito
557 946 957 1015 temporaneae
984 932 1423 1016 qualiscumque
1446 935 1849 994 satisfactionis
1869 982 1884 1008 ,
1909 937 2004 997 vel
2029 936 2104 996 ob
2133 939 2376 1000 venialia
2404 963 2544 1022 pec-

409 1042 540 1090 cata
564 1077 580 1105 .,
610 1029 703 1091 vel
746 1028 821 1088 ob
856 1029 1094 1089 lethalia
1125 1029 1318 1111 quoad
1346 1030 1578 1110 culpam
1600 1034 1727 1108 jam
1760 1030 2026 1106 dimissa,
2067 1054 2098 1091 a
2138 1054 2379 1115 corpore
2416 1036 2538 1095 dis—

414 1130 636 1206 junctae
679 1125 1059 1197 detinentur,
1100 1125 1287 1185 donec
1329 1125 1519 1205 dignae
1561 1126 1726 1186 factae
1775 1127 1930 1199 sint,
1968 1149 2097 1209 quae
2146 1128 2221 1188 ad
2261 1141 2542 1191 aeternam

411 1221 847 1282 beatitudinem
875 1220 1287 1280 admittantur.

495 1317 638 1377 684.
687 1319 765 1375 Ut
802 1338 1043 1376 omnem
1076 1328 1204 1375 tum
1234 1315 1732 1396 indulgentiarum
1772 1328 1899 1378 tum
1934 1319 2339 1400 suffragiorum
2370 1343 2541 1382 usum

411 1414 475 1473 in
503 1412 793 1471 Catholica
835 1412 1083 1471 Ecclesia
1119 1424 1424 1494 receptum
1464 1412 1540 1472 ad
1580 1413 1814 1473 illarum
1840 1416 2171 1474 animarum
2200 1415 2473 1477 levamen
2512 1440 2544 1478 e

408 1508 605 1569 medio
633 1506 911 1566 tollerent
941 1519 1253 1567 novatores
1291 1507 1487 1567 saeculi
1524 1510 1689 1582 XVI,
1729 1510 1975 1569 Ae'rium
2008 1510 2205 1570 saeculi
2249 1513 2322 1570 IV
2351 1512 2544 1572 haere-

405 1606 627 1679 ticum,
648 1625 755 1663 nec
779 1624 900 1661 non
926 1602 1428 1662 Petrobruisianos
1450 1648 1465 1676 ,
1492 1603 1828 1683 Albigenses
1849 1651 1863 1680 ,
1885 1604 2228 1665 Waldenses
2249 1651 2265 1679 ,
2291 1607 2547 1666 nonnul-

408 1700 613 1782 losque
650 1699 790 1758 alios
812 1699 1082 1758 sectarios
1103 1699 1286 1758 secuti
1314 1744 1330 1772 .,
1357 1700 1678 1781 purgatorii
1696 1700 2069 1760 existentiam
2098 1702 2340 1762 inficiati
2369 1715 2509 1763 sunt
2528 1750 2544 1779 ,

408 1808 589 1878 atque
625 1795 765 1854 hinc
793 1794 1203 1875 suffragiorum
1224 1794 1560 1853 utilitatem.
1581 1794 1869 1854 Lutherus
1892 1797 2055 1878 prius
2094 1818 2309 1878 anceps
2337 1797 2506 1858 haesit
2523 1842 2546 1871 ,

409 1892 627 1953 deinde
666 1904 984 1974 utrumque
1010 1892 1228 1970 rejecit.
1266 1890 1545 1953 Calvinus
1587 1912 1656 1951 eo
1685 1914 1868 1974 usque
1903 1914 2239 1973 progressus
2278 1905 2368 1953 est
2393 1939 2409 1969 ‚
2439 1906 2541 1970 ut,

405 1989 616 2050 Instit.
650 1988 755 2047 lib.
790 1989 909 2060 ΙΙΙ,
940 2009 1068 2069 cap.
1106 1988 1176 2061 V,
1209 1987 1243 2067 g
1280 1986 1352 2062 3,
1391 1985 1767 2046 clamandum
1800 1987 2049 2062 dixerit.³
2083 2010 2205 2048 non
2249 1991 2415 2049 modo
2451 2012 2543 2050 vo-

409 2090 522 2157 cis,
555 2086 660 2144 sed
674 2088 951 2165 quitari-3
980 2104 1053 2142 ac
1096 2084 1359 2141 laterum
1397 2087 1792 2155 contentione,
1827 2089 2261 2164 parqatorium
2303 2088 2543 2145 exitiale

411 2203 528 2240 esse
571 2182 818 2239 Satanoe
859 2189 1258 2239 commentam
1273 2221 1296 2249 ,
1327 2179 1490 2257 quod
1526 2178 1758 2237 Christi
1797 2200 2019 2238 eruceri
2056 2191 2345 2254 evacuat,
2384 2183 2549 2261 quod

410 2278 842 2336 contumeliam
885 2276 1006 2335 Dei
1044 2275 1479 2332 misericordi&
1520 2295 1641 2333 non
1676 2275 1999 2353 ferendam
2052 2279 2288 2356 irroyac
2323 2320 2337 2343 ‚
2386 2278 2548 2355 quod

404 2375 589 2453 fidem
634 2382 904 2432 nostram
947 2372 1239 2448 labefacit
1279 2390 1353 2428 ae
1396 2374 1621 2427 evertit.

495 2468 637 2527 685.
686 2470 765 2526 Ut
792 2478 990 2526 autem
1016 2464 1297 2527 adversus
1316 2464 1423 2522 hos
1448 2476 1762 2526 novatores
1787 2464 2150 2524 commodius
2181 2487 2533 2548 pugnemus,

411 2586 586 2627 verus
616 2563 953 2645 quaestionis
992 2573 1178 2620 status
1225 2559 1574 2643 aperiendus
1605 2572 1724 2635 est,
1767 2562 2034 2643 apprime
2071 2560 2428 2622 secernendo
2471 2583 2537 2621 ea

412 2682 542 2743 quae
591 2659 791 2717 stricte
831 2668 970 2716 sunt
1008 2656 1080 2716 de
1124 2655 1240 2716 fide
1278 2655 1352 2714 ab
1400 2655 1506 2731 iis7
1561 2677 1688 2738 quae
1728 2657 1884 2716 intra
1932 2658 2282 2739 opinionum
2320 2657 2536 2717 limites

413 2755 793 2816 continentur
815 2800 828 2812 .
874 2756 1055 2812 Porro
1083 2751 1199 2811 duo
1231 2751 1357 2812 haec
1399 2763 1633 2810 tantum
1661 2751 1853 2833 quoad
1879 2753 2285 2834 purgatorium
2321 2753 2394 2812 de
2422 2753 2538 2812 fide

412 2863 585 2928 sunt,
616 2852 810 2933 primo
853 2849 1071 2908 scilicet
1108 2847 1371 2927 ejusdem
1413 2848 1734 2929 purgatorii
1772 2849 2114 2923 existentia‚
2143 2848 2397 2908 secundo
2425 2848 2539 2907 suf-

411 2949 732 3027 fragiorum
760 2945 980 3004 utilitas
1002 2990 1018 3019 7
1043 2955 1110 3003 ut
1141 2966 1212 3003 ex
1242 2942 1503 3003 dicendis
1530 2942 1776 3025 patebit.

498 3043 636 3102 686.
684 3043 898 3101 Omnia
920 3041 1117 3120 igitur,
1144 3060 1276 3120 quae
1304 3050 1573 3120 spectant
1599 3038 1673 3097 ad
1702 3037 1932 3110 locum,
1960 3038 2367 3114 durationem,
2398 3061 2537 3121 poe-

414 3161 630 3197 narum
670 3137 1016 3219 qualitatem
1037 3183 1054 3212 .,
1086 3135 1161 3195 ad
1192 3134 1537 3194 catholicam
1570 3134 1747 3193 fidem
1780 3135 2024 3194 minime
2060 3137 2395 3216 pertinent,
2436 3157 2539 3194 seu

414 3234 658 3293 definita
688 3232 761 3291 ab
794 3233 1040 3292 Ecclesia
1068 3253 1191 3290 non
1228 3242 1388 3288 sunt.
1422 3231 1633 3288 Utrum
1661 3229 1875 3289 scilicet
1904 3231 1978 3288 sit
2013 3231 2218 3313 aliquis
2251 3230 2535 3291 determi-

413 3340 589 3389 natus
612 3328 771 3387 locus
796 3349 981 3388 necne
1003 3373 1018 3403 ,
1038 3339 1098 3387 et
1119 3325 1222 3384 ubi
1242 3326 1464 3408 positus
1489 3325 1597 3399 sit3
1620 3336 1819 3384 utrum
1838 3348 2049 3407 parum
2069 3349 2143 3386 an
2164 3326 2264 3385 diu
2283 3325 2538 3386 debeant

414 3508 650 3571 gumentis
675 3506 998 3564 contendunt,
1019 3515 1095 3553 aut
1113 3501 1277 3553 saltem
1298 3504 1439 3551 fuisse
1525 3512 1621 3563 est,
1651 3521 1790 3569 quam
1826 3506 2020 3568 graviter
2049 3505 2360 3553 hallucinetur
2395 3503 2534 3569 hujus

416 3590 774 3653 interpolatum,
799 3597 1052 3654 antequam
1080 3591 1130 3635 in
1150 3588 1304 3635 lucem
1334 3571 1470 3633 ede-A
1526 3587 1674 3651 operis
1711 3586 1858 3634 editor
1896 3589 1945 3634 in
1989 3589 2108 3635 notis
2127 3625 2139 3646 ‚
2179 3604 2292 3653 quas
2323 3586 2411 3633 loc.
2451 3587 2531 3633 cit.

415 3681 542 3719 retur
567 3671 627 3719 ab
656 3673 801 3736 ipsius
816 3681 982 3736 nepote
1000 3707 1012 3729 ‚
1028 3672 1313 3736 jansenianis
1331 3687 1444 3734 par-
1527 3669 1769 3732 apposuit3
1815 3669 1883 3716 cfr
1929 3664 2149 3717 OEuvres
2194 3667 2251 3715 de
2270 3728 2273 3730 ,
2293 3667 2497 3715 Bossuet
2517 3705 2530 3728 ‚

418 3752 548 3803 tibus
576 3771 670 3802 non
690 3771 851 3820 parum
873 3753 1087 3817 addict03
1113 3754 1281 3802 mirum
1303 3770 1442 3818 porro
1527 3761 1640 3799 tom.
1670 3767 1743 3799 xxi
1762 3788 1775 3811 ,
1804 3751 1979 3800 edition
2014 3751 2072 3800 de
2102 3750 2237 3816 Liege
2265 3746 2409 3816 1768.
