<?xml version="1.0" encoding="UTF-8"?>
<!DOCTYPE html PUBLIC "-//W3C//DTD XHTML 1.0 Transitional//EN"
    "http://www.w3.org/TR/xhtml1/DTD/xhtml1-transitional.dtd">
<html xmlns="http://www.w3.org/1999/xhtml" xml:lang="en" lang="en">
 <head>
  <title>
</title>
<meta http-equiv="Content-Type" content="text/html;charset=utf-8" />
  <meta name='ocr-system' content='tesseract 3.04.00' />
  <meta name='ocr-capabilities' content='ocr_page ocr_carea ocr_par ocr_line ocrx_word'/>
</head>
<body>
  <div class='ocr_page' id='page_1' title='image "a603693803perruoft_0245.png"; bbox 0 0 2580 4152; ppageno 0'>
   <div class='ocr_carea' id='block_1_1' title="bbox 390 139 2227 207">
    <p class='ocr_par' dir='ltr' id='par_1_1' title="bbox 390 139 2227 207">
     <span class='ocr_line' id='line_1_1' title="bbox 390 139 2227 207; baseline -0.006 0"><span class='ocrx_word' id='word_1_1' title='bbox 390 166 550 207; x_wconf 75' lang='lat' dir='ltr'><strong>PART.</strong></span> <span class='ocrx_word' id='word_1_2' title='bbox 596 166 683 203; x_wconf 84' lang='lat'><strong>111.</strong></span> <span class='ocrx_word' id='word_1_3' title='bbox 728 163 852 201; x_wconf 59' lang='lat' dir='ltr'><strong>car.</strong></span> <span class='ocrx_word' id='word_1_4' title='bbox 901 162 959 201; x_wconf 87' lang='lat' dir='ltr'><strong>v.</strong></span> <span class='ocrx_word' id='word_1_5' title='bbox 1012 163 1079 198; x_wconf 76' lang='lat' dir='ltr'><strong>nn</strong></span> <span class='ocrx_word' id='word_1_6' title='bbox 1123 162 1351 199; x_wconf 56' lang='lat' dir='ltr'><strong>:vaccum</strong></span> <span class='ocrx_word' id='word_1_7' title='bbox 1395 159 1539 198; x_wconf 75' lang='lat' dir='ltr'><strong>ome.</strong></span> <span class='ocrx_word' id='word_1_8' title='bbox 1592 158 1938 196; x_wconf 72' lang='lat' dir='ltr'><strong>Errnc&#39;rmns.</strong></span> <span class='ocrx_word' id='word_1_9' title='bbox 2109 139 2227 200; x_wconf 80' lang='lat'><strong>237</strong></span> 
     </span>
    </p>
   </div>
   <div class='ocr_carea' id='block_1_2' title="bbox 131 285 2245 3321">
    <p class='ocr_par' dir='ltr' id='par_1_2' title="bbox 132 285 2234 668">
     <span class='ocr_line' id='line_1_2' title="bbox 134 285 2229 393; baseline -0.007 -22"><span class='ocrx_word' id='word_1_10' title='bbox 134 314 260 393; x_wconf 90' lang='lat' dir='ltr'><strong>quis</strong></span> <span class='ocrx_word' id='word_1_11' title='bbox 296 310 404 369; x_wconf 89' lang='lat' dir='ltr'><strong>nisi</strong></span> <span class='ocrx_word' id='word_1_12' title='bbox 440 324 625 366; x_wconf 90' lang='lat' dir='ltr'><strong>unum</strong></span> <span class='ocrx_word' id='word_1_13' title='bbox 661 303 1047 364; x_wconf 90' lang='lat' dir='ltr'><strong>determinate</strong></span> <span class='ocrx_word' id='word_1_14' title='bbox 1074 303 1347 385; x_wconf 84' lang='lat' dir='ltr'>prosequi</span> <span class='ocrx_word' id='word_1_15' title='bbox 1396 310 1498 360; x_wconf 90' lang='lat' dir='ltr'><strong>aut</strong></span> <span class='ocrx_word' id='word_1_16' title='bbox 1542 300 1814 361; x_wconf 88' lang='lat' dir='ltr'><strong>aversari.</strong></span> <span class='ocrx_word' id='word_1_17' title='bbox 1864 285 2016 357; x_wconf 87' lang='lat' dir='ltr'><strong>Hinc</strong></span> <span class='ocrx_word' id='word_1_18' title='bbox 2050 318 2229 358; x_wconf 89' lang='lat' dir='ltr'><strong>nemo</strong></span> 
     </span>
     <span class='ocr_line' id='line_1_3' title="bbox 136 392 2233 478; baseline -0.008 -13"><span class='ocrx_word' id='word_1_19' title='bbox 136 405 348 465; x_wconf 80' lang='lat' dir='ltr'>dixerit</span> <span class='ocrx_word' id='word_1_20' title='bbox 402 401 653 460; x_wconf 83' lang='lat' dir='ltr'><strong>liberum</strong></span> <span class='ocrx_word' id='word_1_21' title='bbox 698 420 819 458; x_wconf 92' lang='lat' dir='ltr'><strong>esse</strong></span> <span class='ocrx_word' id='word_1_22' title='bbox 877 397 1177 457; x_wconf 89' lang='lat' dir='ltr'><strong>hominem</strong></span> <span class='ocrx_word' id='word_1_23' title='bbox 1223 398 1287 455; x_wconf 91' lang='lat' dir='ltr'><strong>in</strong></span> <span class='ocrx_word' id='word_1_24' title='bbox 1338 394 1746 478; x_wconf 88' lang='lat' dir='ltr'><strong>prosequendo</strong></span> <span class='ocrx_word' id='word_1_25' title='bbox 1787 393 2122 453; x_wconf 81' lang='lat' dir='ltr'><strong>felicitatem</strong></span> <span class='ocrx_word' id='word_1_26' title='bbox 2169 392 2233 450; x_wconf 88' lang='lat' dir='ltr'><strong>in</strong></span> 
     </span>
     <span class='ocr_line' id='line_1_4' title="bbox 132 485 2234 579; baseline -0.008 -20"><span class='ocrx_word' id='word_1_27' title='bbox 132 519 379 579; x_wconf 77' lang='lat' dir='ltr'><strong>genere,</strong></span> <span class='ocrx_word' id='word_1_28' title='bbox 424 506 525 553; x_wconf 90' lang='lat' dir='ltr'><strong>aut</strong></span> <span class='ocrx_word' id='word_1_29' title='bbox 564 492 774 553; x_wconf 89' lang='lat' dir='ltr'><strong>liberos</strong></span> <span class='ocrx_word' id='word_1_30' title='bbox 816 515 944 553; x_wconf 91' lang='lat' dir='ltr'><strong>esse</strong></span> <span class='ocrx_word' id='word_1_31' title='bbox 982 492 1182 552; x_wconf 90' lang='lat' dir='ltr'><strong>beatos</strong></span> <span class='ocrx_word' id='word_1_32' title='bbox 1218 492 1280 550; x_wconf 91' lang='lat' dir='ltr'><strong>in</strong></span> <span class='ocrx_word' id='word_1_33' title='bbox 1311 489 1562 549; x_wconf 86' lang='lat' dir='ltr'><strong>amando</strong></span> <span class='ocrx_word' id='word_1_34' title='bbox 1601 491 1820 562; x_wconf 80' lang='lat' dir='ltr'><strong>Deum3</strong></span> <span class='ocrx_word' id='word_1_35' title='bbox 1863 488 1996 570; x_wconf 90' lang='lat' dir='ltr'><strong>quia</strong></span> <span class='ocrx_word' id='word_1_36' title='bbox 2044 488 2108 545; x_wconf 91' lang='lat' dir='ltr'><strong>in</strong></span> <span class='ocrx_word' id='word_1_37' title='bbox 2142 485 2234 549; x_wconf 88' lang='lat' dir='ltr'><strong>his</strong></span> 
     </span>
     <span class='ocr_line' id='line_1_5' title="bbox 132 582 2051 668; baseline -0.006 -17"><span class='ocrx_word' id='word_1_38' title='bbox 132 614 254 651; x_wconf 88' lang='lat' dir='ltr'><strong>non</strong></span> <span class='ocrx_word' id='word_1_39' title='bbox 303 590 518 649; x_wconf 91' lang='lat' dir='ltr'><strong>dantur</strong></span> <span class='ocrx_word' id='word_1_40' title='bbox 564 588 803 648; x_wconf 85' lang='lat' dir='ltr'><strong>termini</strong></span> <span class='ocrx_word' id='word_1_41' title='bbox 830 585 1307 668; x_wconf 69' lang='lat' dir='ltr'><strong>comparationis,</strong></span> <span class='ocrx_word' id='word_1_42' title='bbox 1347 585 1411 642; x_wconf 89' lang='lat' dir='ltr'><strong>in</strong></span> <span class='ocrx_word' id='word_1_43' title='bbox 1441 606 1584 666; x_wconf 91' lang='lat' dir='ltr'><strong>quos</strong></span> <span class='ocrx_word' id='word_1_44' title='bbox 1620 583 1788 642; x_wconf 86' lang='lat' dir='ltr'><strong>cadat</strong></span> <span class='ocrx_word' id='word_1_45' title='bbox 1827 582 2051 643; x_wconf 78' lang='lat' dir='ltr'><strong>electio,</strong></span> 
     </span>
    </p>

    <p class='ocr_par' dir='ltr' id='par_1_3' title="bbox 131 677 2240 1521">
     <span class='ocr_line' id='line_1_6' title="bbox 214 677 2237 763; baseline -0.002 -22"><span class='ocrx_word' id='word_1_46' title='bbox 214 683 352 742; x_wconf 87' lang='lat'><strong>505.</strong></span> <span class='ocrx_word' id='word_1_47' title='bbox 395 683 650 743; x_wconf 84' lang='lat' dir='ltr'><strong>Termini</strong></span> <span class='ocrx_word' id='word_1_48' title='bbox 677 694 872 742; x_wconf 91' lang='lat' dir='ltr'><strong>autem</strong></span> <span class='ocrx_word' id='word_1_49' title='bbox 896 680 1344 763; x_wconf 88' lang='lat' dir='ltr'><strong>comparationis</strong></span> <span class='ocrx_word' id='word_1_50' title='bbox 1371 677 1720 760; x_wconf 81' lang='lat' dir='ltr'><strong>multiplices</strong></span> <span class='ocrx_word' id='word_1_51' title='bbox 1747 688 1903 736; x_wconf 85' lang='lat' dir='ltr'><strong>sunt.</strong></span> <span class='ocrx_word' id='word_1_52' title='bbox 1928 677 2091 737; x_wconf 89' lang='lat' dir='ltr'><strong>Tales</strong></span> <span class='ocrx_word' id='word_1_53' title='bbox 2113 698 2237 737; x_wconf 88' lang='lat' dir='ltr'><strong>esse</strong></span> 
     </span>
     <span class='ocr_line' id='line_1_7' title="bbox 132 770 2238 861; baseline -0.003 -24"><span class='ocrx_word' id='word_1_54' title='bbox 132 789 377 861; x_wconf 83' lang='lat' dir='ltr'><strong>possunt</strong></span> <span class='ocrx_word' id='word_1_55' title='bbox 405 777 519 838; x_wconf 93' lang='lat' dir='ltr'><strong>duo</strong></span> <span class='ocrx_word' id='word_1_56' title='bbox 545 777 640 839; x_wconf 87' lang='lat' dir='ltr'><strong>vel</strong></span> <span class='ocrx_word' id='word_1_57' title='bbox 661 777 829 859; x_wconf 91' lang='lat' dir='ltr'><strong>plura</strong></span> <span class='ocrx_word' id='word_1_58' title='bbox 847 775 1314 850; x_wconf 77' lang='lat' dir='ltr'><strong>contradictoria,</strong></span> <span class='ocrx_word' id='word_1_59' title='bbox 1332 795 1421 834; x_wconf 89' lang='lat' dir='ltr'><strong>ex.</strong></span> <span class='ocrx_word' id='word_1_60' title='bbox 1446 795 1529 854; x_wconf 88' lang='lat' dir='ltr'><strong>gr.</strong></span> <span class='ocrx_word' id='word_1_61' title='bbox 1550 793 1745 832; x_wconf 90' lang='lat' dir='ltr'><strong>amare</strong></span> <span class='ocrx_word' id='word_1_62' title='bbox 1773 772 1869 832; x_wconf 89' lang='lat' dir='ltr'><strong>vel</strong></span> <span class='ocrx_word' id='word_1_63' title='bbox 1891 771 1965 831; x_wconf 89' lang='lat' dir='ltr'><strong>ab</strong></span> <span class='ocrx_word' id='word_1_64' title='bbox 1987 770 2238 830; x_wconf 91' lang='lat' dir='ltr'><strong>amando</strong></span> 
     </span>
     <span class='ocr_line' id='line_1_8' title="bbox 132 866 2240 952; baseline -0.004 -19"><span class='ocrx_word' id='word_1_65' title='bbox 132 872 459 947; x_wconf 74' lang='lat' dir='ltr'><strong>abstinere3</strong></span> <span class='ocrx_word' id='word_1_66' title='bbox 489 884 631 931; x_wconf 88' lang='lat' dir='ltr'><strong>tunc</strong></span> <span class='ocrx_word' id='word_1_67' title='bbox 655 872 881 952; x_wconf 81' lang='lat' dir='ltr'><strong>exurgit</strong></span> <span class='ocrx_word' id='word_1_68' title='bbox 913 893 979 930; x_wconf 91' lang='lat' dir='ltr'><strong>ea</strong></span> <span class='ocrx_word' id='word_1_69' title='bbox 1001 869 1285 929; x_wconf 86' lang='lat' dir='ltr'><strong>libertatis</strong></span> <span class='ocrx_word' id='word_1_70' title='bbox 1312 869 1530 950; x_wconf 91' lang='lat' dir='ltr'><strong>species</strong></span> <span class='ocrx_word' id='word_1_71' title='bbox 1551 913 1566 942; x_wconf 69' lang='grc'><em>,</em></span> <span class='ocrx_word' id='word_1_72' title='bbox 1598 888 1727 949; x_wconf 87' lang='lat' dir='ltr'><strong>quae</strong></span> <span class='ocrx_word' id='word_1_73' title='bbox 1759 866 1970 925; x_wconf 90' lang='lat' dir='ltr'><strong>dicitur</strong></span> <span class='ocrx_word' id='word_1_74' title='bbox 2008 877 2240 926; x_wconf 80' lang='lat' dir='ltr'><strong>contra-</strong></span> 
     </span>
     <span class='ocr_line' id='line_1_9' title="bbox 131 961 2240 1046; baseline -0.002 -20"><span class='ocrx_word' id='word_1_75' title='bbox 131 970 435 1026; x_wconf 77' lang='lat' dir='ltr'><strong>dictionis,</strong></span> <span class='ocrx_word' id='word_1_76' title='bbox 463 965 767 1026; x_wconf 91' lang='lat' dir='ltr'><strong>Interdum</strong></span> <span class='ocrx_word' id='word_1_77' title='bbox 798 965 1034 1025; x_wconf 89' lang='lat' dir='ltr'><strong>termini</strong></span> <span class='ocrx_word' id='word_1_78' title='bbox 1062 963 1507 1046; x_wconf 86' lang='lat' dir='ltr'><strong>comparationis</strong></span> <span class='ocrx_word' id='word_1_79' title='bbox 1540 972 1787 1043; x_wconf 89' lang='lat' dir='ltr'><strong>possunt</strong></span> <span class='ocrx_word' id='word_1_80' title='bbox 1814 982 1936 1020; x_wconf 89' lang='lat' dir='ltr'><strong>esse</strong></span> <span class='ocrx_word' id='word_1_81' title='bbox 1961 961 2079 1020; x_wconf 94' lang='lat' dir='ltr'><strong>duo</strong></span> <span class='ocrx_word' id='word_1_82' title='bbox 2115 984 2240 1021; x_wconf 89' lang='lat' dir='ltr'><strong>non</strong></span> 
     </span>
     <span class='ocr_line' id='line_1_10' title="bbox 132 1055 2240 1136; baseline -0.003 -14"><span class='ocrx_word' id='word_1_83' title='bbox 132 1063 324 1122; x_wconf 90' lang='lat' dir='ltr'><strong>solum</strong></span> <span class='ocrx_word' id='word_1_84' title='bbox 348 1062 815 1136; x_wconf 72' lang='lat' dir='ltr'><strong>contradictoria,</strong></span> <span class='ocrx_word' id='word_1_85' title='bbox 845 1059 947 1120; x_wconf 90' lang='lat' dir='ltr'><strong>sed</strong></span> <span class='ocrx_word' id='word_1_86' title='bbox 974 1059 1151 1119; x_wconf 88' lang='lat' dir='ltr'><strong>etiam</strong></span> <span class='ocrx_word' id='word_1_87' title='bbox 1172 1057 1457 1118; x_wconf 88' lang='lat' dir='ltr'><strong>contraria</strong></span> <span class='ocrx_word' id='word_1_88' title='bbox 1478 1101 1495 1131; x_wconf 72' lang='grc'><em>,</em></span> <span class='ocrx_word' id='word_1_89' title='bbox 1520 1067 1587 1114; x_wconf 90' lang='lat' dir='ltr'><strong>ut</strong></span> <span class='ocrx_word' id='word_1_90' title='bbox 1612 1075 1808 1113; x_wconf 87' lang='lat' dir='ltr'><strong>amare</strong></span> <span class='ocrx_word' id='word_1_91' title='bbox 1834 1065 1894 1113; x_wconf 89' lang='lat' dir='ltr'><strong>et</strong></span> <span class='ocrx_word' id='word_1_92' title='bbox 1914 1055 2103 1115; x_wconf 90' lang='lat' dir='ltr'><strong>odisse</strong></span> <span class='ocrx_word' id='word_1_93' title='bbox 2127 1081 2144 1130; x_wconf 72' lang='grc' dir='ltr'><strong>ς</strong></span> <span class='ocrx_word' id='word_1_94' title='bbox 2176 1057 2240 1115; x_wconf 92' lang='lat' dir='ltr'><strong>in</strong></span> 
     </span>
     <span class='ocr_line' id='line_1_11' title="bbox 133 1143 2234 1235; baseline -0.004 -19"><span class='ocrx_word' id='word_1_95' title='bbox 133 1158 247 1216; x_wconf 89' lang='lat' dir='ltr'><strong>hoc</strong></span> <span class='ocrx_word' id='word_1_96' title='bbox 271 1179 402 1215; x_wconf 90' lang='lat' dir='ltr'><strong>casu</strong></span> <span class='ocrx_word' id='word_1_97' title='bbox 423 1178 490 1216; x_wconf 92' lang='lat' dir='ltr'><strong>ea</strong></span> <span class='ocrx_word' id='word_1_98' title='bbox 517 1143 799 1215; x_wconf 85' lang='lat' dir='ltr'><strong>libertatis</strong></span> <span class='ocrx_word' id='word_1_99' title='bbox 827 1154 1043 1235; x_wconf 90' lang='lat' dir='ltr'><strong>species</strong></span> <span class='ocrx_word' id='word_1_100' title='bbox 1070 1152 1321 1212; x_wconf 89' lang='lat' dir='ltr'><strong>habetur</strong></span> <span class='ocrx_word' id='word_1_101' title='bbox 1340 1196 1356 1226; x_wconf 61' lang='lat'>7</span> <span class='ocrx_word' id='word_1_102' title='bbox 1384 1172 1514 1232; x_wconf 84' lang='lat' dir='ltr'><strong>quae</strong></span> <span class='ocrx_word' id='word_1_103' title='bbox 1530 1149 1742 1209; x_wconf 89' lang='lat' dir='ltr'><strong>dicitur</strong></span> <span class='ocrx_word' id='word_1_104' title='bbox 1770 1154 2234 1210; x_wconf 72' lang='lat' dir='ltr'><strong>contrarietatis.</strong></span> 
     </span>
     <span class='ocr_line' id='line_1_12' title="bbox 134 1243 2238 1329; baseline -0.003 -19"><span class='ocrx_word' id='word_1_105' title='bbox 134 1254 385 1311; x_wconf 90' lang='lat' dir='ltr'><strong>Demum</strong></span> <span class='ocrx_word' id='word_1_106' title='bbox 407 1248 688 1328; x_wconf 81' lang='lat' dir='ltr'><strong>ejusmodi</strong></span> <span class='ocrx_word' id='word_1_107' title='bbox 711 1248 948 1310; x_wconf 85' lang='lat' dir='ltr'><strong>termini</strong></span> <span class='ocrx_word' id='word_1_108' title='bbox 969 1257 1191 1329; x_wconf 89' lang='lat' dir='ltr'><strong>posunt</strong></span> <span class='ocrx_word' id='word_1_109' title='bbox 1210 1267 1331 1305; x_wconf 90' lang='lat' dir='ltr'><strong>esse</strong></span> <span class='ocrx_word' id='word_1_110' title='bbox 1358 1267 1450 1304; x_wconf 90' lang='lat' dir='ltr'><strong>res</strong></span> <span class='ocrx_word' id='word_1_111' title='bbox 1475 1245 1630 1303; x_wconf 90' lang='lat' dir='ltr'><strong>inter</strong></span> <span class='ocrx_word' id='word_1_112' title='bbox 1654 1265 1714 1303; x_wconf 89' lang='lat' dir='ltr'><strong>se</strong></span> <span class='ocrx_word' id='word_1_113' title='bbox 1738 1243 1928 1302; x_wconf 92' lang='lat' dir='ltr'><strong>solum</strong></span> <span class='ocrx_word' id='word_1_114' title='bbox 1958 1243 2201 1315; x_wconf 76' lang='lat' dir='ltr'><strong>diversae</strong></span> <span class='ocrx_word' id='word_1_115' title='bbox 2221 1290 2238 1319; x_wconf 64' lang='lat'>7</span> 
     </span>
     <span class='ocr_line' id='line_1_13' title="bbox 132 1338 2239 1426; baseline -0.003 -21"><span class='ocrx_word' id='word_1_116' title='bbox 132 1367 226 1405; x_wconf 91' lang='lat' dir='ltr'><strong>ex.</strong></span> <span class='ocrx_word' id='word_1_117' title='bbox 261 1367 345 1426; x_wconf 90' lang='lat' dir='ltr'><strong>gr.</strong></span> <span class='ocrx_word' id='word_1_118' title='bbox 376 1342 623 1404; x_wconf 89' lang='lat' dir='ltr'><strong>scribere</strong></span> <span class='ocrx_word' id='word_1_119' title='bbox 652 1343 748 1404; x_wconf 86' lang='lat' dir='ltr'><strong>vel</strong></span> <span class='ocrx_word' id='word_1_120' title='bbox 775 1342 995 1423; x_wconf 79' lang='lat' dir='ltr'><strong>legere3</strong></span> <span class='ocrx_word' id='word_1_121' title='bbox 1035 1362 1104 1401; x_wconf 94' lang='lat' dir='ltr'><strong>ex</strong></span> <span class='ocrx_word' id='word_1_122' title='bbox 1132 1341 1223 1400; x_wconf 89' lang='lat' dir='ltr'><strong>his</strong></span> <span class='ocrx_word' id='word_1_123' title='bbox 1250 1339 1491 1422; x_wconf 88' lang='lat' dir='ltr'><strong>profluit</strong></span> <span class='ocrx_word' id='word_1_124' title='bbox 1524 1338 1811 1398; x_wconf 88' lang='lat' dir='ltr'><strong>libertatis</strong></span> <span class='ocrx_word' id='word_1_125' title='bbox 1854 1338 2071 1421; x_wconf 89' lang='lat' dir='ltr'><strong>species</strong></span> <span class='ocrx_word' id='word_1_126' title='bbox 2104 1338 2204 1399; x_wconf 88' lang='lat' dir='ltr'><strong>illa</strong></span> <span class='ocrx_word' id='word_1_127' title='bbox 2223 1384 2239 1415; x_wconf 78' lang='lat'>‚</span> 
     </span>
     <span class='ocr_line' id='line_1_14' title="bbox 134 1432 1750 1521; baseline -0.004 -23"><span class='ocrx_word' id='word_1_128' title='bbox 134 1461 265 1521; x_wconf 87' lang='lat' dir='ltr'><strong>quae</strong></span> <span class='ocrx_word' id='word_1_129' title='bbox 292 1440 746 1518; x_wconf 69' lang='lat' dir='ltr'><strong>specificationis</strong></span> <span class='ocrx_word' id='word_1_130' title='bbox 771 1448 871 1495; x_wconf 89' lang='lat' dir='ltr'><strong>aut</strong></span> <span class='ocrx_word' id='word_1_131' title='bbox 897 1438 1283 1516; x_wconf 72' lang='lat' dir='ltr'><strong>disparitatis</strong></span> <span class='ocrx_word' id='word_1_132' title='bbox 1300 1456 1521 1494; x_wconf 91' lang='lat' dir='ltr'><strong>nomen</strong></span> <span class='ocrx_word' id='word_1_133' title='bbox 1550 1432 1750 1493; x_wconf 89' lang='lat' dir='ltr'><strong>habet.</strong></span> 
     </span>
    </p>

    <p class='ocr_par' dir='ltr' id='par_1_4' title="bbox 135 1528 2244 1972">
     <span class='ocr_line' id='line_1_15' title="bbox 214 1528 2241 1605; baseline -0.001 -14"><span class='ocrx_word' id='word_1_134' title='bbox 214 1533 358 1592; x_wconf 84' lang='lat'><strong>506.</strong></span> <span class='ocrx_word' id='word_1_135' title='bbox 407 1537 475 1591; x_wconf 91' lang='lat' dir='ltr'><strong>In</strong></span> <span class='ocrx_word' id='word_1_136' title='bbox 495 1536 614 1592; x_wconf 90' lang='lat' dir='ltr'><strong>Deo</strong></span> <span class='ocrx_word' id='word_1_137' title='bbox 644 1532 783 1592; x_wconf 90' lang='lat' dir='ltr'><strong>etin</strong></span> <span class='ocrx_word' id='word_1_138' title='bbox 810 1531 993 1591; x_wconf 89' lang='lat' dir='ltr'><strong>beatis</strong></span> <span class='ocrx_word' id='word_1_139' title='bbox 1025 1552 1147 1589; x_wconf 92' lang='lat' dir='ltr'><strong>non</strong></span> <span class='ocrx_word' id='word_1_140' title='bbox 1177 1529 1479 1590; x_wconf 89' lang='lat' dir='ltr'><strong>invenitur</strong></span> <span class='ocrx_word' id='word_1_141' title='bbox 1500 1528 1739 1588; x_wconf 88' lang='lat' dir='ltr'><strong>libertas</strong></span> <span class='ocrx_word' id='word_1_142' title='bbox 1775 1529 2204 1589; x_wconf 88' lang='lat' dir='ltr'><strong>contrarietatis</strong></span> <span class='ocrx_word' id='word_1_143' title='bbox 2225 1575 2241 1605; x_wconf 71' lang='grc'><em>,</em></span> 
     </span>
     <span class='ocr_line' id='line_1_16' title="bbox 139 1622 2244 1710; baseline -0.001 -23"><span class='ocrx_word' id='word_1_144' title='bbox 139 1650 252 1710; x_wconf 89' lang='lat' dir='ltr'><strong>qua</strong></span> <span class='ocrx_word' id='word_1_145' title='bbox 283 1628 462 1710; x_wconf 89' lang='lat' dir='ltr'><strong>possit</strong></span> <span class='ocrx_word' id='word_1_146' title='bbox 486 1626 616 1706; x_wconf 82' lang='lat' dir='ltr'><strong>eligi</strong></span> <span class='ocrx_word' id='word_1_147' title='bbox 645 1627 800 1686; x_wconf 92' lang='lat' dir='ltr'><strong>inter</strong></span> <span class='ocrx_word' id='word_1_148' title='bbox 832 1625 1056 1685; x_wconf 92' lang='lat' dir='ltr'><strong>bonum</strong></span> <span class='ocrx_word' id='word_1_149' title='bbox 1088 1636 1148 1685; x_wconf 91' lang='lat' dir='ltr'><strong>et</strong></span> <span class='ocrx_word' id='word_1_150' title='bbox 1175 1624 1431 1699; x_wconf 74' lang='lat' dir='ltr'><strong>malum3</strong></span> <span class='ocrx_word' id='word_1_151' title='bbox 1471 1625 1535 1682; x_wconf 88' lang='lat' dir='ltr'><strong>in</strong></span> <span class='ocrx_word' id='word_1_152' title='bbox 1571 1622 1908 1682; x_wconf 90' lang='lat' dir='ltr'><strong>hominibus</strong></span> <span class='ocrx_word' id='word_1_153' title='bbox 1953 1645 2093 1686; x_wconf 86' lang='lat' dir='ltr'><strong>vero</strong></span> <span class='ocrx_word' id='word_1_154' title='bbox 2125 1647 2244 1684; x_wconf 91' lang='lat' dir='ltr'><strong>una</strong></span> 
     </span>
     <span class='ocr_line' id='line_1_17' title="bbox 135 1718 2243 1801; baseline -0.002 -18"><span class='ocrx_word' id='word_1_155' title='bbox 135 1745 271 1783; x_wconf 88' lang='lat' dir='ltr'><strong>cum</strong></span> <span class='ocrx_word' id='word_1_156' title='bbox 299 1723 500 1782; x_wconf 88' lang='lat' dir='ltr'><strong>ceteris</strong></span> <span class='ocrx_word' id='word_1_157' title='bbox 535 1720 821 1780; x_wconf 89' lang='lat' dir='ltr'><strong>libertatis</strong></span> <span class='ocrx_word' id='word_1_158' title='bbox 861 1718 1159 1801; x_wconf 87' lang='lat' dir='ltr'><strong>speciebus</strong></span> <span class='ocrx_word' id='word_1_159' title='bbox 1189 1729 1250 1779; x_wconf 89' lang='lat' dir='ltr'><strong>et</strong></span> <span class='ocrx_word' id='word_1_160' title='bbox 1287 1718 1411 1779; x_wconf 86' lang='lat' dir='ltr'><strong>haec</strong></span> <span class='ocrx_word' id='word_1_161' title='bbox 1444 1718 1767 1800; x_wconf 66' lang='lat' dir='ltr'><strong>reperitur,</strong></span> <span class='ocrx_word' id='word_1_162' title='bbox 1796 1740 1926 1799; x_wconf 87' lang='lat' dir='ltr'><strong>quae</strong></span> <span class='ocrx_word' id='word_1_163' title='bbox 1958 1719 2144 1777; x_wconf 89' lang='lat' dir='ltr'><strong>oritur</strong></span> <span class='ocrx_word' id='word_1_164' title='bbox 2169 1718 2243 1778; x_wconf 91' lang='lat' dir='ltr'><strong>ab</strong></span> 
     </span>
     <span class='ocr_line' id='line_1_18' title="bbox 136 1813 2243 1896; baseline -0.001 -20"><span class='ocrx_word' id='word_1_165' title='bbox 136 1816 393 1876; x_wconf 90' lang='lat' dir='ltr'><strong>humana</strong></span> <span class='ocrx_word' id='word_1_166' title='bbox 432 1826 643 1875; x_wconf 90' lang='lat' dir='ltr'><strong>natura</strong></span> <span class='ocrx_word' id='word_1_167' title='bbox 685 1816 850 1874; x_wconf 91' lang='lat' dir='ltr'><strong>finita</strong></span> <span class='ocrx_word' id='word_1_168' title='bbox 890 1826 1019 1873; x_wconf 91' lang='lat' dir='ltr'><strong>tum</strong></span> <span class='ocrx_word' id='word_1_169' title='bbox 1055 1835 1126 1874; x_wconf 90' lang='lat' dir='ltr'><strong>ex</strong></span> <span class='ocrx_word' id='word_1_170' title='bbox 1165 1825 1333 1896; x_wconf 91' lang='lat' dir='ltr'><strong>parte</strong></span> <span class='ocrx_word' id='word_1_171' title='bbox 1385 1813 1714 1874; x_wconf 89' lang='lat' dir='ltr'><strong>intellectus</strong></span> <span class='ocrx_word' id='word_1_172' title='bbox 1773 1824 1902 1872; x_wconf 88' lang='lat' dir='ltr'><strong>tum</strong></span> <span class='ocrx_word' id='word_1_173' title='bbox 1948 1834 2021 1873; x_wconf 84' lang='lat' dir='ltr'><strong>ex</strong></span> <span class='ocrx_word' id='word_1_174' title='bbox 2075 1825 2243 1896; x_wconf 85' lang='lat' dir='ltr'><strong>parte</strong></span> 
     </span>
     <span class='ocr_line' id='line_1_19' title="bbox 137 1911 474 1972; baseline -0.009 0"><span class='ocrx_word' id='word_1_175' title='bbox 137 1911 474 1972; x_wconf 81' lang='lat' dir='ltr'><strong>voluntatiS.</strong></span> 
     </span>
    </p>

    <p class='ocr_par' dir='ltr' id='par_1_5' title="bbox 138 2002 2245 3131">
     <span class='ocr_line' id='line_1_20' title="bbox 218 2002 2245 2083; baseline -0 -19"><span class='ocrx_word' id='word_1_176' title='bbox 218 2007 356 2066; x_wconf 81' lang='lat'><strong>507.</strong></span> <span class='ocrx_word' id='word_1_177' title='bbox 395 2004 699 2066; x_wconf 90' lang='lat' dir='ltr'><strong>Libertatis</strong></span> <span class='ocrx_word' id='word_1_178' title='bbox 726 2004 883 2064; x_wconf 91' lang='lat' dir='ltr'><strong>enim</strong></span> <span class='ocrx_word' id='word_1_179' title='bbox 905 2003 1070 2064; x_wconf 80' lang='lat' dir='ltr'><strong>radix</strong></span> <span class='ocrx_word' id='word_1_180' title='bbox 1089 2049 1105 2079; x_wconf 77' lang='grc'><em>,</em></span> <span class='ocrx_word' id='word_1_181' title='bbox 1135 2013 1201 2062; x_wconf 87' lang='lat' dir='ltr'><strong>ut</strong></span> <span class='ocrx_word' id='word_1_182' title='bbox 1225 2002 1495 2065; x_wconf 88' lang='lat' dir='ltr'><strong>observat</strong></span> <span class='ocrx_word' id='word_1_183' title='bbox 1520 2006 1579 2065; x_wconf 88' lang='lat' dir='ltr'><strong>S.</strong></span> <span class='ocrx_word' id='word_1_184' title='bbox 1611 2003 1860 2062; x_wconf 92' lang='lat' dir='ltr'><strong>Thomas</strong></span> <span class='ocrx_word' id='word_1_185' title='bbox 1890 2004 2020 2083; x_wconf 71' lang='grc'>(1),</span> <span class='ocrx_word' id='word_1_186' title='bbox 2040 2013 2125 2062; x_wconf 77' lang='lat' dir='ltr'><strong>est</strong></span> <span class='ocrx_word' id='word_1_187' title='bbox 2145 2025 2245 2063; x_wconf 85' lang='lat' dir='ltr'><strong>vo-</strong></span> 
     </span>
     <span class='ocr_line' id='line_1_21' title="bbox 138 2099 2244 2179; baseline -0.001 -20"><span class='ocrx_word' id='word_1_188' title='bbox 138 2104 343 2161; x_wconf 74' lang='lat' dir='ltr'><strong>luntas</strong></span> <span class='ocrx_word' id='word_1_189' title='bbox 377 2105 535 2161; x_wconf 76' lang='lat' dir='ltr'><strong>sicut</strong></span> <span class='ocrx_word' id='word_1_190' title='bbox 558 2103 885 2179; x_wconf 58' lang='lat' dir='ltr'><strong>subjectum</strong></span> <span class='ocrx_word' id='word_1_191' title='bbox 899 2145 920 2175; x_wconf 89' lang='lat'><em>,</em></span> <span class='ocrx_word' id='word_1_192' title='bbox 955 2102 1058 2159; x_wconf 74' lang='lat' dir='ltr'><strong>sed</strong></span> <span class='ocrx_word' id='word_1_193' title='bbox 1083 2105 1242 2159; x_wconf 75' lang='lat' dir='ltr'><strong>sicut</strong></span> <span class='ocrx_word' id='word_1_194' title='bbox 1271 2121 1460 2159; x_wconf 76' lang='lat' dir='ltr'><strong>causa</strong></span> <span class='ocrx_word' id='word_1_195' title='bbox 1490 2110 1573 2159; x_wconf 76' lang='lat' dir='ltr'><strong>est</strong></span> <span class='ocrx_word' id='word_1_196' title='bbox 1603 2103 1761 2158; x_wconf 79' lang='lat' dir='ltr'><strong>ratio</strong></span> <span class='ocrx_word' id='word_1_197' title='bbox 1779 2123 1801 2167; x_wconf 93' lang='lat'><strong>,·</strong></span> <span class='ocrx_word' id='word_1_198' title='bbox 1825 2120 1896 2157; x_wconf 76' lang='lat' dir='ltr'><strong>eoe</strong></span> <span class='ocrx_word' id='word_1_199' title='bbox 1935 2099 2039 2164; x_wconf 76' lang='lat' dir='ltr'><strong>hoc</strong></span> <span class='ocrx_word' id='word_1_200' title='bbox 2079 2103 2244 2158; x_wconf 85' lang='lat' dir='ltr'><strong>enim</strong></span> 
     </span>
     <span class='ocr_line' id='line_1_22' title="bbox 138 2194 2244 2277; baseline -0.001 -22"><span class='ocrx_word' id='word_1_201' title='bbox 138 2199 410 2257; x_wconf 75' lang='lat' dir='ltr'><strong>voluntas</strong></span> <span class='ocrx_word' id='word_1_202' title='bbox 433 2198 612 2256; x_wconf 77' lang='lat' dir='ltr'><strong>libere</strong></span> <span class='ocrx_word' id='word_1_203' title='bbox 637 2207 830 2277; x_wconf 76' lang='lat' dir='ltr'><strong>potest</strong></span> <span class='ocrx_word' id='word_1_204' title='bbox 858 2197 944 2254; x_wconf 82' lang='lat' dir='ltr'><strong>ad</strong></span> <span class='ocrx_word' id='word_1_205' title='bbox 980 2197 1215 2254; x_wconf 75' lang='lat' dir='ltr'><strong>diversa</strong></span> <span class='ocrx_word' id='word_1_206' title='bbox 1235 2199 1402 2275; x_wconf 74' lang='lat' dir='ltr'><strong>ferri</strong></span> <span class='ocrx_word' id='word_1_207' title='bbox 1422 2239 1439 2270; x_wconf 73' lang='grc'><em>,</em></span> <span class='ocrx_word' id='word_1_208' title='bbox 1467 2199 1619 2274; x_wconf 83' lang='lat' dir='ltr'><strong>quia</strong></span> <span class='ocrx_word' id='word_1_209' title='bbox 1642 2199 1799 2253; x_wconf 77' lang='lat' dir='ltr'><strong>ratio</strong></span> <span class='ocrx_word' id='word_1_210' title='bbox 1819 2205 2011 2272; x_wconf 74' lang='lat' dir='ltr'><strong>potest</strong></span> <span class='ocrx_word' id='word_1_211' title='bbox 2031 2194 2244 2253; x_wconf 74' lang='lat' dir='ltr'><strong>habere</strong></span> 
     </span>
     <span class='ocr_line' id='line_1_23' title="bbox 139 2287 2241 2371; baseline -0.001 -22"><span class='ocrx_word' id='word_1_212' title='bbox 139 2293 404 2350; x_wconf 71' lang='lat' dir='ltr'><strong>diversas</strong></span> <span class='ocrx_word' id='word_1_213' title='bbox 425 2296 784 2370; x_wconf 69' lang='lat' dir='ltr'><strong>acceptiones</strong></span> <span class='ocrx_word' id='word_1_214' title='bbox 800 2292 961 2350; x_wconf 85' lang='lat' dir='ltr'><strong>honi.</strong></span> <span class='ocrx_word' id='word_1_215' title='bbox 985 2290 1415 2352; x_wconf 87' lang='lat' dir='ltr'><strong>Animadvertit</strong></span> <span class='ocrx_word' id='word_1_216' title='bbox 1439 2300 1720 2371; x_wconf 72' lang='lat' dir='ltr'><strong>praeterea</strong></span> <span class='ocrx_word' id='word_1_217' title='bbox 1748 2287 1890 2347; x_wconf 88' lang='lat' dir='ltr'><strong>ibid.</strong></span> <span class='ocrx_word' id='word_1_218' title='bbox 1916 2289 1971 2348; x_wconf 90' lang='lat' dir='ltr'><strong>S.</strong></span> <span class='ocrx_word' id='word_1_219' title='bbox 2003 2291 2241 2364; x_wconf 71' lang='lat' dir='ltr'><strong>Doctor‚</strong></span> 
     </span>
     <span class='ocr_line' id='line_1_24' title="bbox 139 2384 2244 2467; baseline -0 -23"><span class='ocrx_word' id='word_1_220' title='bbox 139 2397 299 2444; x_wconf 88' lang='lat' dir='ltr'><strong>actus</strong></span> <span class='ocrx_word' id='word_1_221' title='bbox 336 2386 651 2446; x_wconf 87' lang='lat' dir='ltr'><strong>voluntatis</strong></span> <span class='ocrx_word' id='word_1_222' title='bbox 686 2397 745 2445; x_wconf 89' lang='lat' dir='ltr'><strong>et</strong></span> <span class='ocrx_word' id='word_1_223' title='bbox 772 2385 1011 2446; x_wconf 90' lang='lat' dir='ltr'><strong>rationis</strong></span> <span class='ocrx_word' id='word_1_224' title='bbox 1040 2407 1215 2467; x_wconf 90' lang='lat' dir='ltr'><strong>supra</strong></span> <span class='ocrx_word' id='word_1_225' title='bbox 1241 2406 1301 2445; x_wconf 92' lang='lat' dir='ltr'><strong>se</strong></span> <span class='ocrx_word' id='word_1_226' title='bbox 1323 2385 1574 2447; x_wconf 88' lang='lat' dir='ltr'><strong>invicem</strong></span> <span class='ocrx_word' id='word_1_227' title='bbox 1605 2384 1742 2444; x_wconf 88' lang='lat' dir='ltr'><strong>ferri</strong></span> <span class='ocrx_word' id='word_1_228' title='bbox 1764 2405 1932 2465; x_wconf 92' lang='lat' dir='ltr'><strong>posse</strong></span> <span class='ocrx_word' id='word_1_229' title='bbox 1951 2429 1966 2459; x_wconf 83' lang='lat'><strong>‚</strong></span> <span class='ocrx_word' id='word_1_230' title='bbox 1992 2405 2094 2444; x_wconf 93' lang='lat' dir='ltr'><strong>seu</strong></span> <span class='ocrx_word' id='word_1_231' title='bbox 2118 2407 2244 2443; x_wconf 91' lang='lat' dir='ltr'><strong>mu-</strong></span> 
     </span>
     <span class='ocr_line' id='line_1_25' title="bbox 141 2478 2242 2553; baseline -0.001 -14"><span class='ocrx_word' id='word_1_232' title='bbox 141 2493 304 2540; x_wconf 90' lang='lat' dir='ltr'><strong>tuam</strong></span> <span class='ocrx_word' id='word_1_233' title='bbox 333 2481 458 2539; x_wconf 89' lang='lat' dir='ltr'><strong>dari</strong></span> <span class='ocrx_word' id='word_1_234' title='bbox 500 2481 788 2540; x_wconf 87' lang='lat' dir='ltr'><strong>actionem</strong></span> <span class='ocrx_word' id='word_1_235' title='bbox 811 2480 1127 2541; x_wconf 87' lang='lat' dir='ltr'><strong>voluntatis</strong></span> <span class='ocrx_word' id='word_1_236' title='bbox 1170 2480 1233 2537; x_wconf 89' lang='lat' dir='ltr'><strong>in</strong></span> <span class='ocrx_word' id='word_1_237' title='bbox 1266 2480 1556 2553; x_wconf 87' lang='lat' dir='ltr'><strong>rationem</strong></span> <span class='ocrx_word' id='word_1_238' title='bbox 1576 2524 1592 2553; x_wconf 85' lang='lat'><strong>.,</strong></span> <span class='ocrx_word' id='word_1_239' title='bbox 1630 2489 1689 2538; x_wconf 91' lang='lat' dir='ltr'><strong>et</strong></span> <span class='ocrx_word' id='word_1_240' title='bbox 1714 2478 1965 2537; x_wconf 89' lang='lat' dir='ltr'><strong>vicissim</strong></span> <span class='ocrx_word' id='word_1_241' title='bbox 2000 2479 2242 2537; x_wconf 89' lang='lat' dir='ltr'><strong>rationis</strong></span> 
     </span>
     <span class='ocr_line' id='line_1_26' title="bbox 141 2572 2243 2656; baseline -0.001 -22"><span class='ocrx_word' id='word_1_242' title='bbox 141 2577 203 2634; x_wconf 92' lang='lat' dir='ltr'><strong>in</strong></span> <span class='ocrx_word' id='word_1_243' title='bbox 244 2574 608 2636; x_wconf 84' lang='lat' dir='ltr'><strong>voluntatem</strong></span> <span class='ocrx_word' id='word_1_244' title='bbox 630 2622 645 2651; x_wconf 80' lang='lat'><strong>.,</strong></span> <span class='ocrx_word' id='word_1_245' title='bbox 687 2587 972 2656; x_wconf 87' lang='lat' dir='ltr'><strong>quatenus</strong></span> <span class='ocrx_word' id='word_1_246' title='bbox 1003 2574 1274 2634; x_wconf 87' lang='lat' dir='ltr'><strong>voluntas</strong></span> <span class='ocrx_word' id='word_1_247' title='bbox 1301 2585 1494 2655; x_wconf 88' lang='lat' dir='ltr'><strong>potest</strong></span> <span class='ocrx_word' id='word_1_248' title='bbox 1523 2572 1813 2654; x_wconf 87' lang='lat' dir='ltr'><strong>applicare</strong></span> <span class='ocrx_word' id='word_1_249' title='bbox 1850 2573 2138 2632; x_wconf 88' lang='lat' dir='ltr'><strong>rationem</strong></span> <span class='ocrx_word' id='word_1_250' title='bbox 2167 2572 2243 2632; x_wconf 87' lang='lat' dir='ltr'><strong>ad</strong></span> 
     </span>
     <span class='ocr_line' id='line_1_27' title="bbox 141 2667 2243 2742; baseline -0 -14"><span class='ocrx_word' id='word_1_251' title='bbox 141 2669 559 2729; x_wconf 90' lang='lat' dir='ltr'><strong>consideranda</strong></span> <span class='ocrx_word' id='word_1_252' title='bbox 603 2671 820 2731; x_wconf 89' lang='lat' dir='ltr'><strong>motiva</strong></span> <span class='ocrx_word' id='word_1_253' title='bbox 863 2669 1158 2729; x_wconf 87' lang='lat' dir='ltr'><strong>electionis</strong></span> <span class='ocrx_word' id='word_1_254' title='bbox 1191 2669 1346 2728; x_wconf 90' lang='lat' dir='ltr'><strong>inter</strong></span> <span class='ocrx_word' id='word_1_255' title='bbox 1382 2667 1637 2730; x_wconf 86' lang='lat' dir='ltr'><strong>diversos</strong></span> <span class='ocrx_word' id='word_1_256' title='bbox 1673 2667 1991 2742; x_wconf 69' lang='lat' dir='ltr'><strong>terminOS,</strong></span> <span class='ocrx_word' id='word_1_257' title='bbox 2023 2689 2125 2728; x_wconf 92' lang='lat' dir='ltr'><strong>seu</strong></span> <span class='ocrx_word' id='word_1_258' title='bbox 2167 2668 2243 2727; x_wconf 89' lang='lat' dir='ltr'><strong>ad</strong></span> 
     </span>
     <span class='ocr_line' id='line_1_28' title="bbox 145 2761 2239 2844; baseline -0 -22"><span class='ocrx_word' id='word_1_259' title='bbox 145 2764 583 2824; x_wconf 89' lang='lat' dir='ltr'><strong>deliberandum</strong></span> <span class='ocrx_word' id='word_1_260' title='bbox 608 2812 623 2840; x_wconf 76' lang='lat'>‚</span> <span class='ocrx_word' id='word_1_261' title='bbox 655 2777 714 2825; x_wconf 91' lang='lat' dir='ltr'><strong>et</strong></span> <span class='ocrx_word' id='word_1_262' title='bbox 739 2766 884 2824; x_wconf 88' lang='lat' dir='ltr'><strong>ratio</strong></span> <span class='ocrx_word' id='word_1_263' title='bbox 919 2785 1153 2842; x_wconf 85' lang='lat' dir='ltr'><strong>movere</strong></span> <span class='ocrx_word' id='word_1_264' title='bbox 1181 2774 1375 2844; x_wconf 88' lang='lat' dir='ltr'><strong>potest</strong></span> <span class='ocrx_word' id='word_1_265' title='bbox 1397 2762 1764 2823; x_wconf 86' lang='lat' dir='ltr'><strong>voluntatem</strong></span> <span class='ocrx_word' id='word_1_266' title='bbox 1788 2761 1862 2820; x_wconf 93' lang='lat' dir='ltr'><strong>ad</strong></span> <span class='ocrx_word' id='word_1_267' title='bbox 1884 2761 2239 2840; x_wconf 88' lang='lat' dir='ltr'><strong>eligendum.</strong></span> 
     </span>
     <span class='ocr_line' id='line_1_29' title="bbox 145 2856 2244 2939; baseline 0 -23"><span class='ocrx_word' id='word_1_268' title='bbox 145 2859 278 2917; x_wconf 87' lang='lat' dir='ltr'><strong>Haec</strong></span> <span class='ocrx_word' id='word_1_269' title='bbox 313 2872 508 2919; x_wconf 90' lang='lat' dir='ltr'><strong>autem</strong></span> <span class='ocrx_word' id='word_1_270' title='bbox 531 2860 867 2920; x_wconf 90' lang='lat' dir='ltr'><strong>deliberatio</strong></span> <span class='ocrx_word' id='word_1_271' title='bbox 886 2880 1118 2918; x_wconf 90' lang='lat' dir='ltr'><strong>rursum</strong></span> <span class='ocrx_word' id='word_1_272' title='bbox 1145 2859 1207 2916; x_wconf 90' lang='lat' dir='ltr'><strong>in</strong></span> <span class='ocrx_word' id='word_1_273' title='bbox 1233 2869 1520 2917; x_wconf 90' lang='lat' dir='ltr'><strong>creaturas</strong></span> <span class='ocrx_word' id='word_1_274' title='bbox 1555 2868 1786 2916; x_wconf 89' lang='lat' dir='ltr'><strong>tantum</strong></span> <span class='ocrx_word' id='word_1_275' title='bbox 1815 2856 1972 2916; x_wconf 88' lang='lat' dir='ltr'><strong>cadit</strong></span> <span class='ocrx_word' id='word_1_276' title='bbox 1993 2902 2008 2931; x_wconf 85' lang='lat'>,</span> <span class='ocrx_word' id='word_1_277' title='bbox 2040 2867 2244 2939; x_wconf 88' lang='lat' dir='ltr'><strong>utpote</strong></span> 
     </span>
     <span class='ocr_line' id='line_1_30' title="bbox 145 2952 2243 3034; baseline 0.001 -24"><span class='ocrx_word' id='word_1_278' title='bbox 145 2952 336 3011; x_wconf 89' lang='lat' dir='ltr'><strong>finitas</strong></span> <span class='ocrx_word' id='word_1_279' title='bbox 367 2966 425 3012; x_wconf 88' lang='lat' dir='ltr'><strong>et</strong></span> <span class='ocrx_word' id='word_1_280' title='bbox 448 2954 720 3013; x_wconf 86' lang='lat' dir='ltr'><strong>limitatas</strong></span> <span class='ocrx_word' id='word_1_281' title='bbox 748 2986 763 3029; x_wconf 68' lang='lat'>5</span> <span class='ocrx_word' id='word_1_282' title='bbox 794 2977 916 3013; x_wconf 92' lang='lat' dir='ltr'><strong>non</strong></span> <span class='ocrx_word' id='word_1_283' title='bbox 954 2965 1150 3013; x_wconf 90' lang='lat' dir='ltr'><strong>autem</strong></span> <span class='ocrx_word' id='word_1_284' title='bbox 1182 2953 1246 3010; x_wconf 91' lang='lat' dir='ltr'><strong>in</strong></span> <span class='ocrx_word' id='word_1_285' title='bbox 1276 2956 1461 3012; x_wconf 91' lang='lat' dir='ltr'><strong>Deum</strong></span> <span class='ocrx_word' id='word_1_286' title='bbox 1483 2998 1499 3028; x_wconf 74' lang='grc'><em>,</em></span> <span class='ocrx_word' id='word_1_287' title='bbox 1541 2952 1640 3034; x_wconf 88' lang='lat' dir='ltr'><strong>qui</strong></span> <span class='ocrx_word' id='word_1_288' title='bbox 1672 2974 1978 3034; x_wconf 86' lang='lat' dir='ltr'><strong>nunquam</strong></span> <span class='ocrx_word' id='word_1_289' title='bbox 2018 2952 2243 3013; x_wconf 78' lang='lat' dir='ltr'><strong>delibe-</strong></span> 
     </span>
     <span class='ocr_line' id='line_1_31' title="bbox 144 3046 1367 3131; baseline 0.001 -26"><span class='ocrx_word' id='word_1_290' title='bbox 144 3058 264 3120; x_wconf 74' lang='lat' dir='ltr'><strong>rat,</strong></span> <span class='ocrx_word' id='word_1_291' title='bbox 301 3059 502 3129; x_wconf 88' lang='lat' dir='ltr'><strong>utpote</strong></span> <span class='ocrx_word' id='word_1_292' title='bbox 532 3051 631 3131; x_wconf 89' lang='lat' dir='ltr'><strong>qui</strong></span> <span class='ocrx_word' id='word_1_293' title='bbox 659 3050 853 3109; x_wconf 90' lang='lat' dir='ltr'><strong>omnia</strong></span> <span class='ocrx_word' id='word_1_294' title='bbox 887 3071 1005 3108; x_wconf 90' lang='lat' dir='ltr'><strong>uno</strong></span> <span class='ocrx_word' id='word_1_295' title='bbox 1033 3058 1162 3107; x_wconf 88' lang='lat' dir='ltr'><strong>actu</strong></span> <span class='ocrx_word' id='word_1_296' title='bbox 1187 3046 1367 3108; x_wconf 88' lang='lat' dir='ltr'><strong>videt.</strong></span> 
     </span>
    </p>

    <p class='ocr_par' dir='ltr' id='par_1_6' title="bbox 144 3140 2243 3321">
     <span class='ocr_line' id='line_1_32' title="bbox 228 3140 2243 3224; baseline 0 -25"><span class='ocrx_word' id='word_1_297' title='bbox 228 3141 368 3200; x_wconf 85' lang='lat'><strong>508.</strong></span> <span class='ocrx_word' id='word_1_298' title='bbox 411 3144 492 3201; x_wconf 86' lang='lat' dir='ltr'><strong>Ex</strong></span> <span class='ocrx_word' id='word_1_299' title='bbox 506 3143 667 3203; x_wconf 90' lang='lat' dir='ltr'><strong>dictis</strong></span> <span class='ocrx_word' id='word_1_300' title='bbox 684 3150 809 3223; x_wconf 88' lang='lat' dir='ltr'><strong>jam</strong></span> <span class='ocrx_word' id='word_1_301' title='bbox 839 3143 1123 3223; x_wconf 82' lang='lat' dir='ltr'><strong>colligitur</strong></span> <span class='ocrx_word' id='word_1_302' title='bbox 1147 3188 1162 3217; x_wconf 70' lang='grc'><em>,</em></span> <span class='ocrx_word' id='word_1_303' title='bbox 1198 3143 1261 3201; x_wconf 87' lang='lat'><strong>10</strong></span> <span class='ocrx_word' id='word_1_304' title='bbox 1282 3164 1403 3201; x_wconf 92' lang='lat' dir='ltr'><strong>non</strong></span> <span class='ocrx_word' id='word_1_305' title='bbox 1428 3163 1550 3202; x_wconf 93' lang='lat' dir='ltr'><strong>esse</strong></span> <span class='ocrx_word' id='word_1_306' title='bbox 1574 3140 2040 3224; x_wconf 90' lang='lat' dir='ltr'><strong>permiscendam</strong></span> <span class='ocrx_word' id='word_1_307' title='bbox 2060 3141 2243 3201; x_wconf 91' lang='lat' dir='ltr'><strong>liber-</strong></span> 
     </span>
     <span class='ocr_line' id='line_1_33' title="bbox 144 3235 2239 3321; baseline 0 -28"><span class='ocrx_word' id='word_1_308' title='bbox 144 3245 326 3294; x_wconf 84' lang='lat' dir='ltr'><strong>tatem</strong></span> <span class='ocrx_word' id='word_1_309' title='bbox 351 3238 696 3297; x_wconf 80' lang='lat' dir='ltr'><strong>executionis</strong></span> <span class='ocrx_word' id='word_1_310' title='bbox 719 3284 735 3314; x_wconf 69' lang='lat'><em>7</em></span> <span class='ocrx_word' id='word_1_311' title='bbox 772 3260 901 3321; x_wconf 86' lang='lat' dir='ltr'><strong>quae</strong></span> <span class='ocrx_word' id='word_1_312' title='bbox 936 3239 1113 3298; x_wconf 91' lang='lat' dir='ltr'><strong>etiam</strong></span> <span class='ocrx_word' id='word_1_313' title='bbox 1153 3236 1389 3296; x_wconf 90' lang='lat' dir='ltr'><strong>libertas</strong></span> <span class='ocrx_word' id='word_1_314' title='bbox 1426 3258 1781 3316; x_wconf 74' lang='lat' dir='ltr'><strong>consequens</strong></span> <span class='ocrx_word' id='word_1_315' title='bbox 1822 3235 2195 3318; x_wconf 86' lang='lat' dir='ltr'><strong>nuncupatur</strong></span> <span class='ocrx_word' id='word_1_316' title='bbox 2224 3280 2239 3310; x_wconf 65' lang='lat' dir='ltr'>a</span> 
     </span>
    </p>
   </div>
   <div class='ocr_carea' id='block_1_3' title="bbox 143 3329 2243 3506">
    <p class='ocr_par' dir='ltr' id='par_1_7' title="bbox 143 3329 2243 3506">
     <span class='ocr_line' id='line_1_34' title="bbox 143 3329 2243 3415; baseline -0.001 -26"><span class='ocrx_word' id='word_1_317' title='bbox 143 3350 279 3389; x_wconf 91' lang='lat' dir='ltr'><strong>cum</strong></span> <span class='ocrx_word' id='word_1_318' title='bbox 302 3329 569 3391; x_wconf 87' lang='lat' dir='ltr'><strong>libertate</strong></span> <span class='ocrx_word' id='word_1_319' title='bbox 598 3334 852 3395; x_wconf 83' lang='lat' dir='ltr'><strong>exercitii</strong></span> <span class='ocrx_word' id='word_1_320' title='bbox 885 3378 902 3409; x_wconf 67' lang='lat' dir='ltr'>a</span> <span class='ocrx_word' id='word_1_321' title='bbox 949 3354 1079 3415; x_wconf 78' lang='lat' dir='ltr'><strong>quae</strong></span> <span class='ocrx_word' id='word_1_322' title='bbox 1118 3333 1294 3392; x_wconf 87' lang='lat' dir='ltr'><strong>etiam</strong></span> <span class='ocrx_word' id='word_1_323' title='bbox 1322 3331 1533 3392; x_wconf 86' lang='lat' dir='ltr'><strong>dicitur</strong></span> <span class='ocrx_word' id='word_1_324' title='bbox 1574 3334 1919 3392; x_wconf 75' lang='lat' dir='ltr'><strong>antecedens</strong></span> <span class='ocrx_word' id='word_1_325' title='bbox 1938 3378 1954 3408; x_wconf 66' lang='lat' dir='ltr'>o</span> <span class='ocrx_word' id='word_1_326' title='bbox 1981 3342 2039 3391; x_wconf 89' lang='lat' dir='ltr'><strong>et</strong></span> <span class='ocrx_word' id='word_1_327' title='bbox 2066 3352 2097 3389; x_wconf 92' lang='lat' dir='ltr'><strong>a</strong></span> <span class='ocrx_word' id='word_1_328' title='bbox 2130 3351 2243 3410; x_wconf 88' lang='lat' dir='ltr'><strong>qua</strong></span> 
     </span>
     <span class='ocr_line' id='line_1_35' title="bbox 147 3424 712 3506; baseline 0.007 -24"><span class='ocrx_word' id='word_1_329' title='bbox 147 3425 305 3506; x_wconf 90' lang='lat' dir='ltr'><strong>prior</strong></span> <span class='ocrx_word' id='word_1_330' title='bbox 347 3424 447 3483; x_wconf 92' lang='lat' dir='ltr'><strong>illa</strong></span> <span class='ocrx_word' id='word_1_331' title='bbox 475 3426 712 3506; x_wconf 87' lang='lat' dir='ltr'><strong>pendet.</strong></span> 
     </span>
    </p>
   </div>
   <div class='ocr_carea' id='block_1_4' title="bbox 133 3631 1235 3714">
    <p class='ocr_par' dir='ltr' id='par_1_8' title="bbox 133 3631 1235 3714">
     <span class='ocr_line' id='line_1_36' title="bbox 133 3631 1235 3714; baseline 0.003 -36"><span class='ocrx_word' id='word_1_332' title='bbox 133 3705 142 3714; x_wconf 36' lang='grc'><strong><em>1</em></strong></span> <span class='ocrx_word' id='word_1_333' title='bbox 211 3631 281 3695; x_wconf 89' lang='grc'><strong>(1)</strong></span> <span class='ocrx_word' id='word_1_334' title='bbox 327 3648 367 3679; x_wconf 67' lang='grc' dir='ltr'><strong>ιε</strong></span> <span class='ocrx_word' id='word_1_335' title='bbox 401 3645 484 3694; x_wconf 73' lang='lat'><strong>2⁸³,</strong></span> <span class='ocrx_word' id='word_1_336' title='bbox 528 3642 682 3699; x_wconf 85' lang='lat' dir='ltr'><strong>quaest.</strong></span> <span class='ocrx_word' id='word_1_337' title='bbox 730 3650 814 3699; x_wconf 85' lang='lat'><strong>17,</strong></span> <span class='ocrx_word' id='word_1_338' title='bbox 845 3643 931 3683; x_wconf 82' lang='lat' dir='ltr'><strong>art.</strong></span> <span class='ocrx_word' id='word_1_339' title='bbox 975 3650 1029 3696; x_wconf 85' lang='lat'><strong>1,</strong></span> <span class='ocrx_word' id='word_1_340' title='bbox 1060 3633 1117 3682; x_wconf 85' lang='lat' dir='ltr'><strong>ad</strong></span> <span class='ocrx_word' id='word_1_341' title='bbox 1152 3648 1235 3681; x_wconf 80' lang='lat'><strong>2¹1¹.</strong></span> 
     </span>
    </p>
   </div>
  </div>
 </body>
</html>
