2580 4152
343 191 505 227 mar.
552 187 634 225 111.
679 184 803 226 car.
851 183 953 223 v11.
1002 186 1070 222 nr.
1113 184 1332 222 rurum
1377 183 1533 220 com).
1577 181 1814 219 Resona.
2025 160 2145 220 -395

47 331 422 404 simultanee,
462 327 943 410 quandocumque
985 326 1092 408 ipsi
1129 328 1248 385 Deo
1282 323 1582 406 placuerit.
1618 323 1818 403 Itaque
1846 365 1862 395 ,
1908 318 2143 378 conclu-

52 428 235 500 dunt,
264 426 326 484 in
349 421 762 483 resurrectione
800 425 952 481 Deus
991 443 1112 479 non
1138 418 1557 498 redintegrabit
1593 418 1705 475 nisi
1742 414 2110 477 existentiam
2131 458 2147 488 ,

52 543 226 602 quam
243 520 478 601 quisque
499 516 775 590 habebat,
791 529 1104 597 antequam
1137 536 1169 574 e
1193 513 1534 572 mortalibus
1548 512 1754 585 abiret3
1782 533 1888 594 per
1900 521 2155 574 mortem

50 615 210 674 enim
246 624 445 694 postea
482 610 856 692 absumptum
894 631 1101 692 corpus
1139 608 1421 690 putrescit
1455 652 1471 682 ,
1515 607 1607 668 vel
1649 606 1992 680 devoratur,
2023 625 2153 664 con-

67 708 336 780 sumitur,
377 717 483 765 etc.
510 706 619 785 (l).

132 801 270 861 870.
316 803 533 860 Verum
554 800 643 858 his
670 799 1069 881 praetermissis
1091 841 1107 871 ,
1131 818 1250 855 non
1281 795 1468 855 solum
1494 794 1826 877 possibilem
1848 840 1864 870 ,
1892 793 1996 855 sed
2015 813 2155 876 prae-

53 908 209 956 terea
236 896 449 954 rationi
465 896 574 977 ipsi
602 889 1053 954 consentaneam
1069 913 1190 952 esse
1212 891 1470 950 futuram
1494 911 1802 973 corporum
1818 900 2158 948 nostrorum

53 991 536 1051 resurrectionem
564 990 899 1050 evincimuS.

136 1086 274 1144 871.
325 1083 599 1143 Possibile
641 1085 799 1143 enim
825 1083 979 1144 illud
1006 1082 1217 1161 dicitur
1243 1126 1259 1156 .,
1296 1091 1355 1140 et
1378 1091 1466 1140 est
1494 1125 1509 1155 ,
1547 1078 1704 1162 quod
1726 1079 1949 1139 nullam
1976 1079 2039 1138 in
2068 1080 2158 1139 sui

55 1180 291 1238 notione
345 1178 595 1238 involvit
649 1190 927 1237 notarum
951 1222 966 1252 ,
1021 1188 1088 1236 ut
1138 1176 1449 1257 inquiunt,
1506 1175 1975 1255 repugnantiam.
2023 1176 2159 1234 Jam

55 1293 195 1332 vero
229 1294 357 1354 quae
387 1273 771 1353 repugnantia
797 1273 933 1351 fingi
957 1281 1058 1329 aut
1091 1269 1316 1350 concipi
1339 1280 1533 1350 potest
1558 1271 1622 1327 in
1646 1290 1714 1328 eo
1736 1314 1752 1343 ,
1789 1268 1946 1350 quod
1968 1271 2121 1327 Deus
2139 1314 2157 1344 ,

56 1367 157 1447 qui
203 1369 409 1448 corpus
464 1378 733 1425 nostrum
780 1365 1040 1425 condidit
1093 1386 1194 1425 seu
1238 1364 1597 1439 efformavit,
1650 1385 1783 1423 cum
1826 1375 1997 1423 antea
2033 1385 2159 1422 non

58 1473 243 1536 esset,
303 1462 468 1542 eique
518 1462 774 1519 animam
826 1461 1130 1539 conjunxit
1150 1505 1166 1535 ,
1227 1471 1293 1519 ut
1343 1460 1604 1534 viveret,
1655 1458 1911 1541 idipsum
1961 1470 2163 1539 postea

57 1558 361 1630 restituat,
404 1577 538 1615 cum
578 1555 902 1615 resolutum
943 1557 1075 1616 est?
1112 1558 1363 1614 Rursum
1404 1577 1417 1612 :
1464 1576 1734 1636 quaenam
1772 1554 2160 1636 repugnantia

58 1650 448 1711 involviturin
478 1672 545 1710 eo
565 1696 580 1726 ,
611 1650 769 1732 quod
802 1654 955 1710 Deus
975 1697 990 1725 ,
1011 1651 1109 1732 qui
1141 1651 1529 1732 omnipotenti
1555 1650 1771 1710 virtute
1802 1670 1902 1708 sua
1921 1692 1944 1720 ,
1974 1648 2164 1708 effecit

60 1745 353 1825 efficitque
379 1746 653 1804 continuo
671 1790 687 1820 ,
718 1757 785 1804 ut
805 1767 875 1805 ex
906 1746 1069 1805 tenui
1102 1746 1269 1804 initio
1299 1766 1505 1827 corpus
1540 1746 1834 1824 integrum
1859 1743 2164 1805 evolvatur

58 1860 165 1919 per
202 1840 636 1918 generationem
657 1885 673 1914 ,
714 1840 861 1898 illud
897 1841 1090 1922 ipsum
1132 1861 1246 1899 suae
1281 1841 1717 1923 omnipotentiae
1757 1841 1820 1901 vi
1857 1840 2124 1899 restituat
2145 1884 2162 1913 ,

58 2018 216 2083 eloym.
245 2037 292 2083 p.
327 2017 450 2083 1763
474 2018 523 2068 J.
545 2018 598 2066 P.
626 2019 699 2067 Fr.
728 2018 944 2079 Richter,
963 2019 1067 2067 Ab·

61 2199 140 2229 seu
182 2181 439 2229 Tractatus
464 2183 519 2229 de
544 2184 854 2246 may-netismo
876 2183 930 2229 in
960 2199 1069 2229 ma-

62 2278 169 2310 saeo.
199 2262 259 2310 U.
299 2261 347 2311 J.
386 2280 513 2329 seqq.
548 2263 746 2311 Elirhart
768 2300 780 2320 ,
829 2262 984 2312 Ueber
1017 2262 1068 2312 d.

64 2342 249 2392 christl.
278 2352 369 2393 etc.
402 2343 482 2392 De
510 2343 677 2395 christ.
714 2345 1073 2392 resurrectionis

66 2424 305 2486 doctrina,
338 2425 481 2473 Ulmae
504 2424 628 2473 1823
650 2463 664 2488 ,
686 2426 857 2492 aliique
883 2428 1070 2491 passim.

66 2507 193 2557 Adeo
225 2527 385 2558 verum
405 2519 504 2569 est,
537 2510 655 2558 nihil
670 2520 762 2558 tam
783 2510 1008 2558 absonum
1024 2513 1075 2558 in

66 2590 351 2655 philosophia
377 2581 456 2639 aut
478 2592 701 2657 theologia
722 2594 925 2657 reperiri,
951 2592 1074 2658 quod

67 2674 293 2737 ejusmodi
331 2673 544 2721 homines
574 2691 668 2722 non
696 2675 927 2739 arripiant.
963 2673 1076 2721 Ani-

69 2754 400 2802 madvertimus
437 2764 509 2814 2⁰,
533 2755 808 2821 hypothesin
842 2755 1040 2804 Bonneti
1061 2791 1074 2814 ‚

70 2843 120 2880 ut
137 2851 193 2882 ex
220 2839 318 2900 ejus
336 2836 486 2884 verbis
500 2839 674 2902 liquet,
698 2837 879 2884 fundari
895 2839 944 2884 in
966 2837 1078 2884 doc-

73 2917 191 2962 trina
219 2916 276 2964 de
302 2919 545 2966 universali
595 2919 794 2983 quadam
834 2936 1077 2983 corporum

72 2999 433 3060 organizatorum
448 2999 725 3063 palingenesi
738 3017 815 3049 seu
830 2999 1078 3064 repr-oduc-

73 3079 198 3126 tione
231 3081 447 3142 germinis
473 3082 769 3144 praesormati.
795 3081 900 3130 Jam
929 3099 1031 3130 vero
1054 3099 1079 3129 a

72 3161 313 3206 recentiori
338 3159 524 3225 physica
558 3163 856 3227 dispunctum
890 3161 984 3229 jam
1015 3173 1081 3211 est

72 3241 300 3303 ejusmodi
319 3253 513 3306 systema
537 3280 551 3302 ,
582 3245 706 3308 quod
724 3245 1080 3293 accuratioribus

74 3319 465 3371 observationibus
499 3334 543 3372 et
583 3328 901 3389 experimentis
946 3344 1081 3391 repu-

70 3413 177 3466 gnat
194 3422 209 3466 3
225 3421 308 3453 nec
321 3406 376 3453 ad
384 3408 576 3454 mittitur
592 3409 679 3455 nisi
708 3410 989 3473 epiqenesis,
1002 3426 1080 3456 seu

71 3484 376 3548 adyeneratio
395 3524 407 3547 ,
444 3488 700 3553 productio
733 3491 926 3555 simplex
945 3528 957 3550 ‚
994 3507 1085 3556 qua

70 3565 244 3631 absque
258 3568 411 3634 aliquo
426 3573 629 3634 germine
660 3575 975 3634 praeexisteute
998 3590 1085 3621 no-

71 3664 179 3694 vum
204 3665 367 3712 corpus
393 3652 728 3714 orqam‘zatum
749 3671 851 3702 vere
864 3654 1087 3703 formatur

1150 2038 1203 2068 ac
1215 2021 1499 2086 producitur.
1527 2020 1626 2070 Csr.
1666 2019 1904 2068 Manuale
1917 2020 1974 2067 di
1987 2019 2166 2083 fisiolo-

59 2098 764 2164 handla‘cberdmaqnetismus,
783 2103 832 2148 in
848 2117 1068 2148 museum
1147 2103 1232 2166 qia
1285 2101 1340 2148 di
1393 2100 1602 2150 Mic-hele
1663 2101 1851 2150 Medici
1881 2135 1897 2162 ,

1967 2101 2168 2167 Bologna

1161 2181 1286 2233 1833
1308 2221 1321 2244 ‚
1347 2201 1396 2248 p.
1429 2200 1458 2231 2
1477 2221 1490 2243 ‚
1523 2201 1626 2248 cap.
1658 2181 1725 2247 44
1761 2194 1804 2231 et
1830 2200 1963 2248 seqq.

1223 2265 1292 2329 (l)
1330 2265 1635 2331 Praeterquam
1670 2265 1795 2331 quod
1826 2263 2055 2330 ejusmodi
2085 2281 2168 2312 ex-

1155 2347 1338 2412 plicatio
1368 2347 1503 2395 valde
1522 2347 1718 2412 implexa
1747 2357 1814 2395 est
1844 2364 1898 2395 ae
1930 2347 2169 2395 intellectu

1156 2428 1388 2486 difficilis,
1434 2428 1609 2476 laborat
1649 2439 1693 2477 et
1729 2430 1825 2493 ipsa
1866 2429 2034 2476 iisdem
2077 2429 2172 2477 fere

1158 2510 1508 2558 difficultatibus
1529 2548 1542 2570 ‚
1580 2510 1752 2576 quibus
1786 2520 1981 2575 systema
2020 2510 2173 2574 palin-

1159 2595 1332 2657 genesis
1361 2592 1640 2655 implicatur.
1679 2591 1926 2640 Destruere
1955 2594 2079 2640 enim
2103 2593 2174 2639 vi-

1161 2674 1294 2722 detur
1307 2675 1459 2722 ideam
1476 2692 1590 2722 verae
1606 2676 1970 2734 resurrectionis,
1988 2674 2173 2739 qualem

1160 2755 1274 2804 fides
1291 2756 1426 2804 docet
1443 2794 1456 2814 ,
1475 2772 1580 2821 quae
1598 2758 1807 2804 consistit
1820 2759 1870 2802 in
1893 2758 2175 2817 restitutione

1123 2898 1126 2901 ι
1162 2855 1240 2885 seu
1282 2837 1693 2900 redinteqratione
1728 2835 1939 2902 ejusdem
1979 2853 2175 2884 numero

1162 2922 1362 2983 corporis
1410 2920 1629 2984 physici,
1677 2920 1802 2985 quod
1853 2937 1934 2984 per
1979 2928 2177 2966 mortem

1162 3003 1408 3049 amittitur.
1453 3000 1574 3048 Hinc
1616 3003 1666 3048 in
1708 3001 1923 3066 symbolo
1964 3000 2178 3048 Ecclesiae

1163 3080 1627 3148 Aquilejeu.occurrit
1639 3082 1755 3130 illud
1769 3082 2134 3131 additamentum
2157 3098 2171 3130 z

1167 3162 1320 3211 Credo
1359 3162 1503 3229 hujus
1548 3165 1715 3212 carnis
1762 3166 2175 3212 resurrectionem.

1166 3243 1300 3308 Quod
1327 3245 1565 3304 defendit,
1600 3256 1652 3293 ut
1687 3246 1920 3304 vidimus,
1949 3245 1998 3293 S.
2035 3244 2176 3309 Greg.

1167 3325 1235 3374 M.
1276 3327 1492 3375 adversus
1537 3325 1842 3392 Eutychium.
1890 3325 1988 3374 Cfr.
2040 3329 2178 3374 etiam

1167 3407 1336 3456 Suarez
1365 3409 1456 3456 loc.
1477 3410 1556 3457 cit.
1574 3410 1654 3456 ubi
1671 3409 1893 3467 ostendit,
1918 3406 2178 3472 subjectum

1168 3494 1513 3540 resurrectionis
1526 3491 1652 3539 aliud
1668 3508 1762 3538 uon
1777 3507 1869 3537 esse
1885 3492 1972 3538 nisi
1988 3505 2154 3553 corpus
2164 3525 2179 3550 ‚

1171 3573 1300 3637 quod
1348 3590 1427 3637 per
1475 3583 1671 3621 mortem
1721 3571 1998 3636 deponitur,
2048 3572 2181 3637 cujus

1171 3655 1404 3702 term-inus
1420 3664 1485 3703 est
1504 3654 1712 3721 ejusdem
1729 3655 1930 3718 corporis
1943 3654 2174 3701 excitatio.
