<?xml version="1.0" encoding="UTF-8"?>
<!DOCTYPE html PUBLIC "-//W3C//DTD XHTML 1.0 Transitional//EN"
    "http://www.w3.org/TR/xhtml1/DTD/xhtml1-transitional.dtd">
<html xmlns="http://www.w3.org/1999/xhtml" xml:lang="en" lang="en">
 <head>
  <title>
</title>
<meta http-equiv="Content-Type" content="text/html;charset=utf-8" />
  <meta name='ocr-system' content='tesseract 3.04.00' />
  <meta name='ocr-capabilities' content='ocr_page ocr_carea ocr_par ocr_line ocrx_word'/>
</head>
<body>
  <div class='ocr_page' id='page_1' title='image "a603693803perruoft_0141.png"; bbox 0 0 2580 4152; ppageno 0'>
   <div class='ocr_carea' id='block_1_1' title="bbox 488 202 2184 264">
    <p class='ocr_par' dir='ltr' id='par_1_1' title="bbox 488 202 2184 264">
     <span class='ocr_line' id='line_1_1' title="bbox 488 202 2184 264; baseline -0.002 0"><span class='ocrx_word' id='word_1_1' title='bbox 488 227 646 264; x_wconf 72' lang='lat' dir='ltr'>PAR-r.</span> <span class='ocrx_word' id='word_1_2' title='bbox 693 227 784 262; x_wconf 89' lang='lat'>111.</span> <span class='ocrx_word' id='word_1_3' title='bbox 833 225 954 262; x_wconf 60' lang='lat' dir='ltr'>car.</span> <span class='ocrx_word' id='word_1_4' title='bbox 1002 226 1042 260; x_wconf 91' lang='lat'>1.</span> <span class='ocrx_word' id='word_1_5' title='bbox 1087 226 1156 261; x_wconf 73' lang='lat' dir='ltr'>nn</span> <span class='ocrx_word' id='word_1_6' title='bbox 1198 224 1430 262; x_wconf 73' lang='lat' dir='ltr'>nonnus</span> <span class='ocrx_word' id='word_1_7' title='bbox 1472 222 1795 261; x_wconf 64' lang='lat' dir='ltr'>canai-loun.</span> <span class='ocrx_word' id='word_1_8' title='bbox 2073 202 2184 260; x_wconf 81' lang='lat'>133</span> 
     </span>
    </p>
   </div>
   <div class='ocr_carea' id='block_1_2' title="bbox 82 359 2187 3086">
    <p class='ocr_par' dir='ltr' id='par_1_2' title="bbox 82 359 2187 1575">
     <span class='ocr_line' id='line_1_2' title="bbox 96 359 2185 448; baseline -0.005 -18"><span class='ocrx_word' id='word_1_9' title='bbox 96 393 239 430; x_wconf 92' lang='lat' dir='ltr'>num</span> <span class='ocrx_word' id='word_1_10' title='bbox 281 369 500 448; x_wconf 86' lang='lat' dir='ltr'><strong>stipites</strong></span> <span class='ocrx_word' id='word_1_11' title='bbox 551 367 705 424; x_wconf 88' lang='lat' dir='ltr'>inter</span> <span class='ocrx_word' id='word_1_12' title='bbox 750 387 810 425; x_wconf 90' lang='lat' dir='ltr'>se</span> <span class='ocrx_word' id='word_1_13' title='bbox 849 377 1257 440; x_wconf 79' lang='lat' dir='ltr'>secernuntur3</span> <span class='ocrx_word' id='word_1_14' title='bbox 1296 368 1362 423; x_wconf 77' lang='lat'>20</span> <span class='ocrx_word' id='word_1_15' title='bbox 1406 365 1737 446; x_wconf 89' lang='lat' dir='ltr'>incipiendo</span> <span class='ocrx_word' id='word_1_16' title='bbox 1774 364 1930 423; x_wconf 91' lang='lat' dir='ltr'>enim</span> <span class='ocrx_word' id='word_1_17' title='bbox 1966 360 2039 421; x_wconf 90' lang='lat' dir='ltr'>ab</span> <span class='ocrx_word' id='word_1_18' title='bbox 2084 359 2185 419; x_wconf 90' lang='lat' dir='ltr'>ho-</span> 
     </span>
     <span class='ocr_line' id='line_1_3' title="bbox 95 457 2187 539; baseline -0.004 -17"><span class='ocrx_word' id='word_1_19' title='bbox 95 467 252 523; x_wconf 88' lang='lat' dir='ltr'>mine</span> <span class='ocrx_word' id='word_1_20' title='bbox 280 465 522 521; x_wconf 74' lang='lat' dir='ltr'>hz&#39;mano</span> <span class='ocrx_word' id='word_1_21' title='bbox 554 472 611 518; x_wconf 91' lang='lat' dir='ltr'>et</span> <span class='ocrx_word' id='word_1_22' title='bbox 643 461 1031 538; x_wconf 69' lang='lat' dir='ltr'>simia-satyro</span> <span class='ocrx_word' id='word_1_23' title='bbox 1067 460 1607 539; x_wconf 69' lang='lat' dir='ltr'>(Orany-outanq)</span> <span class='ocrx_word' id='word_1_24' title='bbox 1647 480 1711 517; x_wconf 87' lang='lat' dir='ltr'>ac</span> <span class='ocrx_word' id='word_1_25' title='bbox 1740 457 2021 538; x_wconf 80' lang='lat' dir='ltr'>gradatim</span> <span class='ocrx_word' id='word_1_26' title='bbox 2045 476 2187 538; x_wconf 90' lang='lat' dir='ltr'>pro-</span> 
     </span>
     <span class='ocr_line' id='line_1_4' title="bbox 94 551 2184 635; baseline -0.005 -17"><span class='ocrx_word' id='word_1_27' title='bbox 94 557 350 617; x_wconf 89' lang='lat' dir='ltr'>cedendo</span> <span class='ocrx_word' id='word_1_28' title='bbox 386 555 624 635; x_wconf 86' lang='lat' dir='ltr'>reperiri</span> <span class='ocrx_word' id='word_1_29' title='bbox 671 565 863 635; x_wconf 88' lang='lat' dir='ltr'>potest</span> <span class='ocrx_word' id='word_1_30' title='bbox 899 553 1164 635; x_wconf 72' lang='lat' dir='ltr'>quaedem</span> <span class='ocrx_word' id='word_1_31' title='bbox 1200 555 1415 635; x_wconf 89' lang='lat' dir='ltr'>species</span> <span class='ocrx_word' id='word_1_32' title='bbox 1453 552 1997 632; x_wconf 87' lang='lat' dir='ltr'>consanguineitatis</span> <span class='ocrx_word' id='word_1_33' title='bbox 2030 551 2184 609; x_wconf 87' lang='lat' dir='ltr'>inter</span> 
     </span>
     <span class='ocr_line' id='line_1_5' title="bbox 93 646 2186 729; baseline -0.003 -19"><span class='ocrx_word' id='word_1_34' title='bbox 93 651 389 710; x_wconf 88' lang='lat' dir='ltr'>hominem</span> <span class='ocrx_word' id='word_1_35' title='bbox 424 659 482 707; x_wconf 90' lang='lat' dir='ltr'>et</span> <span class='ocrx_word' id='word_1_36' title='bbox 521 648 992 729; x_wconf 83' lang='lat' dir='ltr'>vespertilionem</span> <span class='ocrx_word' id='word_1_37' title='bbox 1030 647 1138 726; x_wconf 88' lang='lat' dir='ltr'>(l).</span> <span class='ocrx_word' id='word_1_38' title='bbox 1182 648 1246 705; x_wconf 81' lang='lat'>30</span> <span class='ocrx_word' id='word_1_39' title='bbox 1285 649 1474 705; x_wconf 87' lang='lat' dir='ltr'>Homo</span> <span class='ocrx_word' id='word_1_40' title='bbox 1504 646 1909 705; x_wconf 87' lang='lat' dir='ltr'>intellectualis</span> <span class='ocrx_word' id='word_1_41' title='bbox 1938 667 2057 703; x_wconf 89' lang='lat' dir='ltr'>non</span> <span class='ocrx_word' id='word_1_42' title='bbox 2098 655 2186 704; x_wconf 88' lang='lat' dir='ltr'>est</span> 
     </span>
     <span class='ocr_line' id='line_1_6' title="bbox 90 741 2185 822; baseline -0.002 -19"><span class='ocrx_word' id='word_1_43' title='bbox 90 745 205 803; x_wconf 91' lang='lat' dir='ltr'>nisi</span> <span class='ocrx_word' id='word_1_44' title='bbox 231 744 642 822; x_wconf 86' lang='lat' dir='ltr'>consequentia</span> <span class='ocrx_word' id='word_1_45' title='bbox 669 743 984 801; x_wconf 86' lang='lat' dir='ltr'>necessaria</span> <span class='ocrx_word' id='word_1_46' title='bbox 1014 743 1274 800; x_wconf 72' lang='lat' dir='ltr'>hominis</span> <span class='ocrx_word' id='word_1_47' title='bbox 1304 743 1652 800; x_wconf 77' lang='lat' dir='ltr'>mammalis</span> <span class='ocrx_word' id='word_1_48' title='bbox 1669 742 1774 822; x_wconf 81' lang='lat'><strong>(2).</strong></span> <span class='ocrx_word' id='word_1_49' title='bbox 1811 741 1877 798; x_wconf 78' lang='lat'>4⁰</span> <span class='ocrx_word' id='word_1_50' title='bbox 1916 741 2065 799; x_wconf 92' lang='lat' dir='ltr'>Hinc</span> <span class='ocrx_word' id='word_1_51' title='bbox 2088 762 2185 799; x_wconf 88' lang='lat' dir='ltr'>ce—</span> 
     </span>
     <span class='ocr_line' id='line_1_7' title="bbox 87 835 2183 917; baseline -0 -22"><span class='ocrx_word' id='word_1_52' title='bbox 87 836 362 897; x_wconf 87' lang='lat' dir='ltr'>lebriores</span> <span class='ocrx_word' id='word_1_53' title='bbox 391 835 607 914; x_wconf 87' lang='lat' dir='ltr'>zoologi</span> <span class='ocrx_word' id='word_1_54' title='bbox 646 837 841 917; x_wconf 88' lang='lat' dir='ltr'>plures</span> <span class='ocrx_word' id='word_1_55' title='bbox 863 837 1234 917; x_wconf 85' lang='lat' dir='ltr'>paucioresve</span> <span class='ocrx_word' id='word_1_56' title='bbox 1265 835 1575 894; x_wconf 88' lang='lat' dir='ltr'>hominum</span> <span class='ocrx_word' id='word_1_57' title='bbox 1615 836 1830 916; x_wconf 91' lang='lat' dir='ltr'>species</span> <span class='ocrx_word' id='word_1_58' title='bbox 1867 836 2183 894; x_wconf 87' lang='lat' dir='ltr'>constitue-</span> 
     </span>
     <span class='ocr_line' id='line_1_8' title="bbox 87 929 2182 1010; baseline -0 -21"><span class='ocrx_word' id='word_1_59' title='bbox 87 941 256 1003; x_wconf 76' lang='lat' dir='ltr'>runt3</span> <span class='ocrx_word' id='word_1_60' title='bbox 312 931 392 988; x_wconf 86' lang='lat' dir='ltr'>sic</span> <span class='ocrx_word' id='word_1_61' title='bbox 431 931 681 988; x_wconf 90' lang='lat' dir='ltr'>Linneus</span> <span class='ocrx_word' id='word_1_62' title='bbox 722 929 863 988; x_wconf 89' lang='lat' dir='ltr'>duas</span> <span class='ocrx_word' id='word_1_63' title='bbox 914 930 1129 1010; x_wconf 86' lang='lat' dir='ltr'>species</span> <span class='ocrx_word' id='word_1_64' title='bbox 1167 929 1427 988; x_wconf 81' lang='lat' dir='ltr'>admittit</span> <span class='ocrx_word' id='word_1_65' title='bbox 1458 975 1474 1003; x_wconf 91' lang='lat'>7</span> <span class='ocrx_word' id='word_1_66' title='bbox 1518 932 1814 988; x_wconf 75' lang='lat' dir='ltr'>hominem</span> <span class='ocrx_word' id='word_1_67' title='bbox 1854 934 2182 1008; x_wconf 79' lang='lat' dir='ltr'>sapientem</span> 
     </span>
     <span class='ocr_line' id='line_1_9' title="bbox 86 1023 2179 1104; baseline 0 -21"><span class='ocrx_word' id='word_1_68' title='bbox 86 1037 144 1084; x_wconf 88' lang='lat' dir='ltr'>et</span> <span class='ocrx_word' id='word_1_69' title='bbox 167 1027 463 1084; x_wconf 73' lang='lat' dir='ltr'>hominem</span> <span class='ocrx_word' id='word_1_70' title='bbox 494 1026 852 1103; x_wconf 62' lang='lat' dir='ltr'>troglodytam</span> <span class='ocrx_word' id='word_1_71' title='bbox 879 1024 1002 1103; x_wconf 78' lang='lat'><strong>(3);</strong></span> <span class='ocrx_word' id='word_1_72' title='bbox 1054 1025 1217 1104; x_wconf 79' lang='lat' dir='ltr'>Virey</span> <span class='ocrx_word' id='word_1_73' title='bbox 1239 1024 1457 1104; x_wconf 88' lang='lat' dir='ltr'>pariter</span> <span class='ocrx_word' id='word_1_74' title='bbox 1485 1023 1629 1081; x_wconf 92' lang='lat' dir='ltr'>duas</span> <span class='ocrx_word' id='word_1_75' title='bbox 1657 1024 1873 1104; x_wconf 88' lang='lat' dir='ltr'>species</span> <span class='ocrx_word' id='word_1_76' title='bbox 1901 1025 2179 1103; x_wconf 87' lang='lat' dir='ltr'>agnoscit7</span> 
     </span>
     <span class='ocr_line' id='line_1_10' title="bbox 86 1117 2181 1200; baseline -0 -23"><span class='ocrx_word' id='word_1_77' title='bbox 86 1141 227 1200; x_wconf 89' lang='lat' dir='ltr'>quas</span> <span class='ocrx_word' id='word_1_78' title='bbox 257 1120 612 1178; x_wconf 87' lang='lat' dir='ltr'>determinat</span> <span class='ocrx_word' id='word_1_79' title='bbox 642 1140 712 1177; x_wconf 84' lang='lat' dir='ltr'>ex</span> <span class='ocrx_word' id='word_1_80' title='bbox 735 1139 1006 1176; x_wconf 89' lang='lat' dir='ltr'>mensura</span> <span class='ocrx_word' id='word_1_81' title='bbox 1031 1120 1250 1197; x_wconf 72' lang='lat' dir='ltr'>anyuli</span> <span class='ocrx_word' id='word_1_82' title='bbox 1264 1119 1512 1195; x_wconf 75' lang='lat' dir='ltr'>facialis</span> <span class='ocrx_word' id='word_1_83' title='bbox 1546 1117 1666 1197; x_wconf 76' lang='grc'>(4);</span> <span class='ocrx_word' id='word_1_84' title='bbox 1694 1117 2030 1176; x_wconf 88' lang='lat' dir='ltr'>Demoulins</span> <span class='ocrx_word' id='word_1_85' title='bbox 2066 1141 2181 1176; x_wconf 91' lang='lat' dir='ltr'>un—</span> 
     </span>
     <span class='ocr_line' id='line_1_11' title="bbox 85 1210 2183 1294; baseline 0 -23"><span class='ocrx_word' id='word_1_86' title='bbox 85 1214 271 1273; x_wconf 83' lang='lat' dir='ltr'>decim</span> <span class='ocrx_word' id='word_1_87' title='bbox 300 1213 515 1294; x_wconf 91' lang='lat' dir='ltr'>species</span> <span class='ocrx_word' id='word_1_88' title='bbox 548 1225 853 1270; x_wconf 85' lang='lat' dir='ltr'>enumerat</span> <span class='ocrx_word' id='word_1_89' title='bbox 886 1212 1009 1291; x_wconf 77' lang='lat'><strong>(5);</strong></span> <span class='ocrx_word' id='word_1_90' title='bbox 1056 1214 1202 1291; x_wconf 71' lang='lat' dir='ltr'>Bory</span> <span class='ocrx_word' id='word_1_91' title='bbox 1231 1210 1302 1271; x_wconf 91' lang='lat' dir='ltr'>de</span> <span class='ocrx_word' id='word_1_92' title='bbox 1347 1213 1403 1270; x_wconf 87' lang='lat' dir='ltr'>S.</span> <span class='ocrx_word' id='word_1_93' title='bbox 1447 1212 1694 1270; x_wconf 89' lang='lat' dir='ltr'>Vincent</span> <span class='ocrx_word' id='word_1_94' title='bbox 1732 1210 2063 1291; x_wconf 87' lang='lat' dir='ltr'>quindecim</span> <span class='ocrx_word' id='word_1_95' title='bbox 2088 1234 2183 1272; x_wconf 89' lang='lat' dir='ltr'>re-</span> 
     </span>
     <span class='ocr_line' id='line_1_12' title="bbox 89 1305 2183 1386; baseline -0 -21"><span class='ocrx_word' id='word_1_96' title='bbox 89 1318 286 1366; x_wconf 85' lang='lat' dir='ltr'>censet</span> <span class='ocrx_word' id='word_1_97' title='bbox 318 1306 425 1386; x_wconf 89' lang='lat'>(6).</span> <span class='ocrx_word' id='word_1_98' title='bbox 453 1308 685 1364; x_wconf 87' lang='lat' dir='ltr'>Frustra</span> <span class='ocrx_word' id='word_1_99' title='bbox 710 1306 884 1385; x_wconf 86' lang='lat' dir='ltr'>igitur</span> <span class='ocrx_word' id='word_1_100' title='bbox 910 1305 1163 1385; x_wconf 81' lang='lat' dir='ltr'>theologi</span> <span class='ocrx_word' id='word_1_101' title='bbox 1189 1305 1556 1365; x_wconf 90' lang='lat' dir='ltr'>contendunt</span> <span class='ocrx_word' id='word_1_102' title='bbox 1584 1327 1788 1365; x_wconf 90' lang='lat' dir='ltr'>omnes</span> <span class='ocrx_word' id='word_1_103' title='bbox 1813 1305 2080 1366; x_wconf 88' lang='lat' dir='ltr'>homines</span> <span class='ocrx_word' id='word_1_104' title='bbox 2109 1306 2183 1364; x_wconf 91' lang='lat' dir='ltr'>ab</span> 
     </span>
     <span class='ocr_line' id='line_1_13' title="bbox 85 1399 2184 1480; baseline 0 -21"><span class='ocrx_word' id='word_1_105' title='bbox 85 1422 203 1459; x_wconf 91' lang='lat' dir='ltr'>uno</span> <span class='ocrx_word' id='word_1_106' title='bbox 233 1401 556 1480; x_wconf 89' lang='lat' dir='ltr'>eodemque</span> <span class='ocrx_word' id='word_1_107' title='bbox 587 1400 785 1479; x_wconf 81' lang='lat' dir='ltr'>stipite</span> <span class='ocrx_word' id='word_1_108' title='bbox 810 1411 1123 1480; x_wconf 81' lang='lat' dir='ltr'>prognatos</span> <span class='ocrx_word' id='word_1_109' title='bbox 1149 1421 1270 1459; x_wconf 87' lang='lat' dir='ltr'>esse</span> <span class='ocrx_word' id='word_1_110' title='bbox 1299 1446 1315 1474; x_wconf 99' lang='lat'>7</span> <span class='ocrx_word' id='word_1_111' title='bbox 1345 1422 1454 1459; x_wconf 92' lang='lat' dir='ltr'>nec</span> <span class='ocrx_word' id='word_1_112' title='bbox 1489 1401 1601 1459; x_wconf 91' lang='lat' dir='ltr'>nisi</span> <span class='ocrx_word' id='word_1_113' title='bbox 1638 1401 1864 1460; x_wconf 90' lang='lat' dir='ltr'>unicam</span> <span class='ocrx_word' id='word_1_114' title='bbox 1904 1399 2029 1460; x_wconf 89' lang='lat' dir='ltr'>dari</span> <span class='ocrx_word' id='word_1_115' title='bbox 2071 1400 2184 1460; x_wconf 88' lang='lat' dir='ltr'>hu-</span> 
     </span>
     <span class='ocr_line' id='line_1_14' title="bbox 82 1496 782 1575; baseline -0.003 -21"><span class='ocrx_word' id='word_1_116' title='bbox 82 1496 242 1554; x_wconf 91' lang='lat' dir='ltr'>mani</span> <span class='ocrx_word' id='word_1_117' title='bbox 267 1497 488 1575; x_wconf 90' lang='lat' dir='ltr'>generis</span> <span class='ocrx_word' id='word_1_118' title='bbox 514 1497 782 1575; x_wconf 89' lang='lat' dir='ltr'>speciem.</span> 
     </span>
    </p>

    <p class='ocr_par' dir='ltr' id='par_1_3' title="bbox 82 1590 2183 2027">
     <span class='ocr_line' id='line_1_15' title="bbox 162 1590 2178 1672; baseline 0 -24"><span class='ocrx_word' id='word_1_119' title='bbox 162 1590 303 1649; x_wconf 77' lang='lat'>271.</span> <span class='ocrx_word' id='word_1_120' title='bbox 351 1593 525 1671; x_wconf 88' lang='lat' dir='ltr'>Resp.</span> <span class='ocrx_word' id='word_1_121' title='bbox 556 1591 706 1672; x_wconf 71' lang='lat' dir='ltr'>Ney.</span> <span class='ocrx_word' id='word_1_122' title='bbox 757 1601 944 1649; x_wconf 75' lang='lat' dir='ltr'>antec.</span> <span class='ocrx_word' id='word_1_123' title='bbox 988 1592 1334 1649; x_wconf 85' lang='lat' dir='ltr'>Accuratum</span> <span class='ocrx_word' id='word_1_124' title='bbox 1362 1591 1520 1648; x_wconf 90' lang='lat' dir='ltr'>enim</span> <span class='ocrx_word' id='word_1_125' title='bbox 1562 1590 1816 1650; x_wconf 85' lang='lat' dir='ltr'>historiae</span> <span class='ocrx_word' id='word_1_126' title='bbox 1846 1590 2137 1649; x_wconf 55' lang='lat' dir='ltr'>&gt;naturalis</span> <span class='ocrx_word' id='word_1_127' title='bbox 2163 1637 2178 1666; x_wconf 85' lang='lat'>7</span> 
     </span>
     <span class='ocr_line' id='line_1_16' title="bbox 83 1684 2183 1766; baseline -0 -21"><span class='ocrx_word' id='word_1_128' title='bbox 83 1707 184 1745; x_wconf 90' lang='lat' dir='ltr'>seu</span> <span class='ocrx_word' id='word_1_129' title='bbox 212 1686 401 1766; x_wconf 91' lang='lat' dir='ltr'>potius</span> <span class='ocrx_word' id='word_1_130' title='bbox 428 1684 694 1764; x_wconf 84' lang='lat' dir='ltr'>zoologiae</span> <span class='ocrx_word' id='word_1_131' title='bbox 730 1684 990 1764; x_wconf 88' lang='lat' dir='ltr'>studium</span> <span class='ocrx_word' id='word_1_132' title='bbox 1025 1685 1099 1744; x_wconf 92' lang='lat' dir='ltr'>ad</span> <span class='ocrx_word' id='word_1_133' title='bbox 1125 1687 1412 1743; x_wconf 85' lang='lat' dir='ltr'>unitatem</span> <span class='ocrx_word' id='word_1_134' title='bbox 1451 1684 1720 1743; x_wconf 88' lang='lat' dir='ltr'>humanae</span> <span class='ocrx_word' id='word_1_135' title='bbox 1752 1686 1961 1765; x_wconf 88' lang='lat' dir='ltr'>speciei</span> <span class='ocrx_word' id='word_1_136' title='bbox 1983 1707 2183 1765; x_wconf 89' lang='lat' dir='ltr'>agnos·</span> 
     </span>
     <span class='ocr_line' id='line_1_17' title="bbox 82 1778 2179 1861; baseline -0.001 -21"><span class='ocrx_word' id='word_1_137' title='bbox 82 1779 325 1840; x_wconf 86' lang='lat' dir='ltr'>cendam</span> <span class='ocrx_word' id='word_1_138' title='bbox 352 1781 674 1839; x_wconf 86' lang='lat' dir='ltr'>necessario</span> <span class='ocrx_word' id='word_1_139' title='bbox 705 1779 884 1838; x_wconf 90' lang='lat' dir='ltr'>ducit.</span> <span class='ocrx_word' id='word_1_140' title='bbox 925 1780 1149 1861; x_wconf 90' lang='lat' dir='ltr'>Nempe</span> <span class='ocrx_word' id='word_1_141' title='bbox 1192 1779 1350 1859; x_wconf 89' lang='lat' dir='ltr'>quod</span> <span class='ocrx_word' id='word_1_142' title='bbox 1387 1778 1604 1859; x_wconf 88' lang='lat' dir='ltr'>pluries</span> <span class='ocrx_word' id='word_1_143' title='bbox 1634 1779 2179 1855; x_wconf 80' lang='lat' dir='ltr'>animadvertimus7</span> 
     </span>
     <span class='ocr_line' id='line_1_18' title="bbox 83 1872 2180 1955; baseline 0 -22"><span class='ocrx_word' id='word_1_144' title='bbox 83 1874 316 1933; x_wconf 87' lang='lat' dir='ltr'>scientia</span> <span class='ocrx_word' id='word_1_145' title='bbox 360 1873 640 1955; x_wconf 92' lang='lat' dir='ltr'>quamdiu</span> <span class='ocrx_word' id='word_1_146' title='bbox 690 1874 880 1932; x_wconf 89' lang='lat' dir='ltr'>infans</span> <span class='ocrx_word' id='word_1_147' title='bbox 929 1884 1017 1932; x_wconf 90' lang='lat' dir='ltr'>est</span> <span class='ocrx_word' id='word_1_148' title='bbox 1037 1918 1053 1947; x_wconf 94' lang='lat'>7</span> <span class='ocrx_word' id='word_1_149' title='bbox 1117 1872 1485 1932; x_wconf 87' lang='lat' dir='ltr'>difficultates</span> <span class='ocrx_word' id='word_1_150' title='bbox 1545 1875 1700 1955; x_wconf 88' lang='lat' dir='ltr'>parit</span> <span class='ocrx_word' id='word_1_151' title='bbox 1719 1920 1735 1948; x_wconf 96' lang='lat'>7</span> <span class='ocrx_word' id='word_1_152' title='bbox 1791 1896 1931 1955; x_wconf 90' lang='lat' dir='ltr'>quas</span> <span class='ocrx_word' id='word_1_153' title='bbox 1980 1886 2180 1955; x_wconf 89' lang='lat' dir='ltr'>postea</span> 
     </span>
     <span class='ocr_line' id='line_1_19' title="bbox 83 1967 498 2027; baseline -0.005 -1"><span class='ocrx_word' id='word_1_154' title='bbox 83 1967 278 2027; x_wconf 86' lang='lat' dir='ltr'>adulta</span> <span class='ocrx_word' id='word_1_155' title='bbox 306 1968 498 2027; x_wconf 87' lang='lat' dir='ltr'>solvit.</span> 
     </span>
    </p>

    <p class='ocr_par' dir='ltr' id='par_1_4' title="bbox 83 2061 2182 3086">
     <span class='ocr_line' id='line_1_20' title="bbox 162 2061 2181 2144; baseline 0.002 -26"><span class='ocrx_word' id='word_1_156' title='bbox 162 2062 300 2120; x_wconf 76' lang='lat'><strong>272.</strong></span> <span class='ocrx_word' id='word_1_157' title='bbox 347 2062 433 2121; x_wconf 89' lang='lat' dir='ltr'>Ad</span> <span class='ocrx_word' id='word_1_158' title='bbox 469 2062 571 2136; x_wconf 83' lang='lat'>1¹¹²7</span> <span class='ocrx_word' id='word_1_159' title='bbox 601 2062 752 2142; x_wconf 72' lang='lat' dir='ltr'>Ney.</span> <span class='ocrx_word' id='word_1_160' title='bbox 777 2062 903 2121; x_wconf 90' lang='lat' dir='ltr'>dari</span> <span class='ocrx_word' id='word_1_161' title='bbox 926 2061 1212 2140; x_wconf 87' lang='lat' dir='ltr'>ejusmodi</span> <span class='ocrx_word' id='word_1_162' title='bbox 1234 2073 1402 2121; x_wconf 86' lang='lat' dir='ltr'>notas</span> <span class='ocrx_word' id='word_1_163' title='bbox 1439 2063 1727 2144; x_wconf 89' lang='lat' dir='ltr'>specificas</span> <span class='ocrx_word' id='word_1_164' title='bbox 1750 2109 1764 2137; x_wconf 94' lang='lat'>7</span> <span class='ocrx_word' id='word_1_165' title='bbox 1795 2086 1826 2121; x_wconf 90' lang='lat' dir='ltr'>a</span> <span class='ocrx_word' id='word_1_166' title='bbox 1853 2063 2061 2144; x_wconf 88' lang='lat' dir='ltr'>quibus</span> <span class='ocrx_word' id='word_1_167' title='bbox 2090 2063 2181 2122; x_wconf 88' lang='lat' dir='ltr'>di-</span> 
     </span>
     <span class='ocr_line' id='line_1_21' title="bbox 83 2156 2177 2239; baseline 0 -22"><span class='ocrx_word' id='word_1_168' title='bbox 83 2177 247 2217; x_wconf 82' lang='lat' dir='ltr'>versa</span> <span class='ocrx_word' id='word_1_169' title='bbox 282 2156 496 2237; x_wconf 89' lang='lat' dir='ltr'>species</span> <span class='ocrx_word' id='word_1_170' title='bbox 545 2157 668 2215; x_wconf 87' lang='lat' dir='ltr'>erui</span> <span class='ocrx_word' id='word_1_171' title='bbox 711 2157 928 2239; x_wconf 51' lang='lat' dir='ltr'>possit}</span> <span class='ocrx_word' id='word_1_172' title='bbox 974 2167 1039 2215; x_wconf 91' lang='lat' dir='ltr'>ut</span> <span class='ocrx_word' id='word_1_173' title='bbox 1078 2158 1236 2215; x_wconf 91' lang='lat' dir='ltr'>enim</span> <span class='ocrx_word' id='word_1_174' title='bbox 1281 2156 1552 2218; x_wconf 87' lang='lat' dir='ltr'>observat</span> <span class='ocrx_word' id='word_1_175' title='bbox 1593 2158 1677 2216; x_wconf 91' lang='lat' dir='ltr'>Cl.</span> <span class='ocrx_word' id='word_1_176' title='bbox 1736 2158 2132 2217; x_wconf 88' lang='lat' dir='ltr'>Blumenbach</span> <span class='ocrx_word' id='word_1_177' title='bbox 2161 2205 2177 2233; x_wconf 91' lang='lat'>7</span> 
     </span>
     <span class='ocr_line' id='line_1_22' title="bbox 85 2249 2182 2334; baseline 0.002 -26"><span class='ocrx_word' id='word_1_178' title='bbox 85 2271 263 2329; x_wconf 88' lang='lat' dir='ltr'>genus</span> <span class='ocrx_word' id='word_1_179' title='bbox 304 2250 622 2309; x_wconf 87' lang='lat' dir='ltr'>humanum</span> <span class='ocrx_word' id='word_1_180' title='bbox 661 2272 781 2309; x_wconf 90' lang='lat' dir='ltr'>non</span> <span class='ocrx_word' id='word_1_181' title='bbox 833 2249 1011 2309; x_wconf 87' lang='lat' dir='ltr'>habet</span> <span class='ocrx_word' id='word_1_182' title='bbox 1059 2251 1169 2308; x_wconf 88' lang='lat' dir='ltr'>nisi</span> <span class='ocrx_word' id='word_1_183' title='bbox 1214 2252 1449 2310; x_wconf 88' lang='lat' dir='ltr'>unicam</span> <span class='ocrx_word' id='word_1_184' title='bbox 1504 2252 1756 2333; x_wconf 89' lang='lat' dir='ltr'>speciem</span> <span class='ocrx_word' id='word_1_185' title='bbox 1794 2297 1809 2326; x_wconf 92' lang='lat'>7</span> <span class='ocrx_word' id='word_1_186' title='bbox 1863 2274 2182 2334; x_wconf 86' lang='lat' dir='ltr'>omnesque</span> 
     </span>
     <span class='ocr_line' id='line_1_23' title="bbox 88 2342 2182 2428; baseline 0.003 -28"><span class='ocrx_word' id='word_1_187' title='bbox 88 2342 288 2424; x_wconf 89' lang='lat' dir='ltr'>populi</span> <span class='ocrx_word' id='word_1_188' title='bbox 311 2348 583 2425; x_wconf 90' lang='lat' dir='ltr'>cujusque</span> <span class='ocrx_word' id='word_1_189' title='bbox 609 2344 847 2403; x_wconf 89' lang='lat' dir='ltr'>demum</span> <span class='ocrx_word' id='word_1_190' title='bbox 879 2347 1067 2404; x_wconf 85' lang='lat' dir='ltr'>aetatis</span> <span class='ocrx_word' id='word_1_191' title='bbox 1099 2367 1164 2404; x_wconf 92' lang='lat' dir='ltr'>ac</span> <span class='ocrx_word' id='word_1_192' title='bbox 1190 2347 1492 2425; x_wconf 87' lang='lat' dir='ltr'>regionum</span> <span class='ocrx_word' id='word_1_193' title='bbox 1517 2347 1779 2405; x_wconf 90' lang='lat' dir='ltr'>omnium</span> <span class='ocrx_word' id='word_1_194' title='bbox 1800 2392 1815 2419; x_wconf 94' lang='lat'>7</span> <span class='ocrx_word' id='word_1_195' title='bbox 1844 2349 1943 2428; x_wconf 87' lang='lat' dir='ltr'>qui</span> <span class='ocrx_word' id='word_1_196' title='bbox 1970 2349 2182 2427; x_wconf 80' lang='lat' dir='ltr'>cogniti</span> 
     </span>
     <span class='ocr_line' id='line_1_24' title="bbox 85 2437 2181 2521; baseline 0.003 -26"><span class='ocrx_word' id='word_1_197' title='bbox 85 2437 253 2495; x_wconf 90' lang='lat' dir='ltr'>nobis</span> <span class='ocrx_word' id='word_1_198' title='bbox 279 2449 417 2495; x_wconf 89' lang='lat' dir='ltr'>sunt</span> <span class='ocrx_word' id='word_1_199' title='bbox 437 2483 452 2511; x_wconf 94' lang='lat'>7</span> <span class='ocrx_word' id='word_1_200' title='bbox 484 2440 789 2519; x_wconf 87' lang='lat' dir='ltr'>provenire</span> <span class='ocrx_word' id='word_1_201' title='bbox 828 2451 1078 2519; x_wconf 86' lang='lat' dir='ltr'>possunt</span> <span class='ocrx_word' id='word_1_202' title='bbox 1115 2461 1149 2498; x_wconf 89' lang='lat' dir='ltr'>a</span> <span class='ocrx_word' id='word_1_203' title='bbox 1182 2440 1379 2521; x_wconf 88' lang='lat' dir='ltr'>stipite</span> <span class='ocrx_word' id='word_1_204' title='bbox 1430 2443 1743 2499; x_wconf 90' lang='lat' dir='ltr'>communi.</span> <span class='ocrx_word' id='word_1_205' title='bbox 1783 2444 1999 2501; x_wconf 90' lang='lat' dir='ltr'>Omnes</span> <span class='ocrx_word' id='word_1_206' title='bbox 2024 2442 2181 2500; x_wconf 90' lang='lat' dir='ltr'>loca—</span> 
     </span>
     <span class='ocr_line' id='line_1_25' title="bbox 85 2530 2181 2613; baseline 0.002 -25"><span class='ocrx_word' id='word_1_207' title='bbox 85 2530 168 2589; x_wconf 87' lang='lat' dir='ltr'>les</span> <span class='ocrx_word' id='word_1_208' title='bbox 194 2532 498 2592; x_wconf 87' lang='lat' dir='ltr'>varietates</span> <span class='ocrx_word' id='word_1_209' title='bbox 521 2577 535 2605; x_wconf 93' lang='lat'>7</span> <span class='ocrx_word' id='word_1_210' title='bbox 580 2552 704 2612; x_wconf 84' lang='lat' dir='ltr'>quae</span> <span class='ocrx_word' id='word_1_211' title='bbox 737 2533 932 2613; x_wconf 88' lang='lat' dir='ltr'>positae</span> <span class='ocrx_word' id='word_1_212' title='bbox 981 2544 1117 2591; x_wconf 91' lang='lat' dir='ltr'>sunt</span> <span class='ocrx_word' id='word_1_213' title='bbox 1154 2534 1215 2591; x_wconf 91' lang='lat' dir='ltr'>in</span> <span class='ocrx_word' id='word_1_214' title='bbox 1259 2534 1715 2594; x_wconf 87' lang='lat' dir='ltr'>conformatione</span> <span class='ocrx_word' id='word_1_215' title='bbox 1753 2546 1813 2593; x_wconf 88' lang='lat' dir='ltr'>et</span> <span class='ocrx_word' id='word_1_216' title='bbox 1839 2535 2026 2594; x_wconf 88' lang='lat' dir='ltr'>colore</span> <span class='ocrx_word' id='word_1_217' title='bbox 2063 2557 2181 2594; x_wconf 88' lang='lat' dir='ltr'>cor-</span> 
     </span>
     <span class='ocr_line' id='line_1_26' title="bbox 84 2625 2181 2712; baseline 0.002 -29"><span class='ocrx_word' id='word_1_218' title='bbox 84 2626 238 2706; x_wconf 90' lang='lat' dir='ltr'>poris</span> <span class='ocrx_word' id='word_1_219' title='bbox 269 2625 534 2699; x_wconf 88' lang='lat' dir='ltr'>humani7</span> <span class='ocrx_word' id='word_1_220' title='bbox 567 2647 688 2712; x_wconf 84' lang='lat' dir='ltr'>non</span> <span class='ocrx_word' id='word_1_221' title='bbox 714 2627 894 2705; x_wconf 89' lang='lat' dir='ltr'>magis</span> <span class='ocrx_word' id='word_1_222' title='bbox 917 2627 1529 2707; x_wconf 89' lang='lat' dir='ltr'>incomprehensibiles</span> <span class='ocrx_word' id='word_1_223' title='bbox 1559 2640 1696 2687; x_wconf 90' lang='lat' dir='ltr'>sunt</span> <span class='ocrx_word' id='word_1_224' title='bbox 1721 2650 1897 2709; x_wconf 89' lang='lat' dir='ltr'>quam</span> <span class='ocrx_word' id='word_1_225' title='bbox 1920 2629 2047 2702; x_wconf 86' lang='lat' dir='ltr'>illae,</span> <span class='ocrx_word' id='word_1_226' title='bbox 2075 2651 2181 2711; x_wconf 89' lang='lat' dir='ltr'>per</span> 
     </span>
     <span class='ocr_line' id='line_1_27' title="bbox 87 2719 2176 2803; baseline 0.002 -26"><span class='ocrx_word' id='word_1_227' title='bbox 87 2740 228 2800; x_wconf 90' lang='lat' dir='ltr'>quas</span> <span class='ocrx_word' id='word_1_228' title='bbox 246 2731 380 2779; x_wconf 86' lang='lat' dir='ltr'>ante</span> <span class='ocrx_word' id='word_1_229' title='bbox 410 2731 635 2778; x_wconf 90' lang='lat' dir='ltr'>nostros</span> <span class='ocrx_word' id='word_1_230' title='bbox 663 2719 853 2778; x_wconf 91' lang='lat' dir='ltr'>oculos</span> <span class='ocrx_word' id='word_1_231' title='bbox 873 2731 961 2778; x_wconf 89' lang='lat' dir='ltr'>tot</span> <span class='ocrx_word' id='word_1_232' title='bbox 974 2719 1094 2779; x_wconf 87' lang='lat' dir='ltr'>aliae</span> <span class='ocrx_word' id='word_1_233' title='bbox 1109 2722 1323 2802; x_wconf 90' lang='lat' dir='ltr'>species</span> <span class='ocrx_word' id='word_1_234' title='bbox 1342 2742 1650 2803; x_wconf 89' lang='lat' dir='ltr'>corporum</span> <span class='ocrx_word' id='word_1_235' title='bbox 1668 2728 2176 2802; x_wconf 65' lang='lat' dir='ltr'>organz‘satorum7</span> 
     </span>
     <span class='ocr_line' id='line_1_28' title="bbox 85 2813 2179 2895; baseline 0.003 -25"><span class='ocrx_word' id='word_1_236' title='bbox 85 2813 371 2895; x_wconf 79' lang='lat' dir='ltr'>praecipue</span> <span class='ocrx_word' id='word_1_237' title='bbox 410 2835 548 2875; x_wconf 87' lang='lat' dir='ltr'>vero</span> <span class='ocrx_word' id='word_1_238' title='bbox 588 2815 843 2873; x_wconf 89' lang='lat' dir='ltr'>cicurum</span> <span class='ocrx_word' id='word_1_239' title='bbox 886 2815 1273 2873; x_wconf 84' lang='lat' dir='ltr'>animantium</span> <span class='ocrx_word' id='word_1_240' title='bbox 1316 2815 1470 2875; x_wconf 90' lang='lat' dir='ltr'>inter</span> <span class='ocrx_word' id='word_1_241' title='bbox 1510 2838 1570 2875; x_wconf 92' lang='lat' dir='ltr'>se</span> <span class='ocrx_word' id='word_1_242' title='bbox 1620 2816 1929 2890; x_wconf 80' lang='lat' dir='ltr'>differunt3</span> <span class='ocrx_word' id='word_1_243' title='bbox 1972 2839 2179 2878; x_wconf 88' lang='lat' dir='ltr'>verum</span> 
     </span>
     <span class='ocr_line' id='line_1_29' title="bbox 89 2907 2181 2990; baseline 0.005 -28"><span class='ocrx_word' id='word_1_244' title='bbox 89 2927 260 2986; x_wconf 84' lang='lat' dir='ltr'>omne</span> <span class='ocrx_word' id='word_1_245' title='bbox 295 2907 626 2985; x_wconf 87' lang='lat' dir='ltr'>hujusmodi</span> <span class='ocrx_word' id='word_1_246' title='bbox 652 2908 961 2967; x_wconf 86' lang='lat' dir='ltr'>discrimen</span> <span class='ocrx_word' id='word_1_247' title='bbox 984 2930 1091 2989; x_wconf 88' lang='lat' dir='ltr'>per</span> <span class='ocrx_word' id='word_1_248' title='bbox 1118 2908 1397 2989; x_wconf 88' lang='lat' dir='ltr'>quosdam</span> <span class='ocrx_word' id='word_1_249' title='bbox 1427 2909 1611 2970; x_wconf 85' lang='lat' dir='ltr'>veluti</span> <span class='ocrx_word' id='word_1_250' title='bbox 1635 2909 1842 2990; x_wconf 90' lang='lat' dir='ltr'>gradus</span> <span class='ocrx_word' id='word_1_251' title='bbox 1870 2911 1950 2969; x_wconf 86' lang='lat' dir='ltr'>ita</span> <span class='ocrx_word' id='word_1_252' title='bbox 1974 2910 2181 2973; x_wconf 87' lang='lat' dir='ltr'>leviter</span> 
     </span>
     <span class='ocr_line' id='line_1_30' title="bbox 90 2999 2174 3086; baseline 0.004 -30"><span class='ocrx_word' id='word_1_253' title='bbox 90 2999 305 3060; x_wconf 89' lang='lat' dir='ltr'>incedit</span> <span class='ocrx_word' id='word_1_254' title='bbox 320 3047 336 3076; x_wconf 94' lang='lat'>7</span> <span class='ocrx_word' id='word_1_255' title='bbox 360 3014 426 3061; x_wconf 90' lang='lat' dir='ltr'>ut</span> <span class='ocrx_word' id='word_1_256' title='bbox 452 3025 640 3085; x_wconf 87' lang='lat' dir='ltr'>neque</span> <span class='ocrx_word' id='word_1_257' title='bbox 668 3003 853 3062; x_wconf 90' lang='lat' dir='ltr'>ullum</span> <span class='ocrx_word' id='word_1_258' title='bbox 884 3003 1121 3062; x_wconf 90' lang='lat' dir='ltr'>omnino</span> <span class='ocrx_word' id='word_1_259' title='bbox 1148 3003 1609 3063; x_wconf 87' lang='lat' dir='ltr'>cavillationibus</span> <span class='ocrx_word' id='word_1_260' title='bbox 1633 3005 1824 3062; x_wconf 92' lang='lat' dir='ltr'>locum</span> <span class='ocrx_word' id='word_1_261' title='bbox 1848 3004 2140 3086; x_wconf 86' lang='lat' dir='ltr'>relinquat</span> <span class='ocrx_word' id='word_1_262' title='bbox 2159 3053 2174 3081; x_wconf 91' lang='lat'>7</span> 
     </span>
    </p>
   </div>
   <div class='ocr_carea' id='block_1_3' title="bbox 92 3190 2178 3422">
    <p class='ocr_par' dir='ltr' id='par_1_5' title="bbox 92 3190 2178 3422">
     <span class='ocr_line' id='line_1_31' title="bbox 161 3190 2176 3261; baseline 0.005 -24"><span class='ocrx_word' id='word_1_263' title='bbox 161 3191 230 3252; x_wconf 87' lang='lat' dir='ltr'>(l)</span> <span class='ocrx_word' id='word_1_264' title='bbox 251 3190 320 3239; x_wconf 85' lang='lat' dir='ltr'>Ita</span> <span class='ocrx_word' id='word_1_265' title='bbox 349 3191 468 3259; x_wconf 74' lang='lat' dir='ltr'>Boi-y</span> <span class='ocrx_word' id='word_1_266' title='bbox 493 3194 551 3243; x_wconf 84' lang='lat' dir='ltr'>de</span> <span class='ocrx_word' id='word_1_267' title='bbox 576 3194 627 3243; x_wconf 90' lang='lat' dir='ltr'>S.</span> <span class='ocrx_word' id='word_1_268' title='bbox 643 3193 866 3255; x_wconf 81' lang='lat' dir='ltr'>Vincent,</span> <span class='ocrx_word' id='word_1_269' title='bbox 886 3198 935 3243; x_wconf 91' lang='lat' dir='ltr'>in</span> <span class='ocrx_word' id='word_1_270' title='bbox 953 3213 1086 3260; x_wconf 86' lang='lat' dir='ltr'>opere</span> <span class='ocrx_word' id='word_1_271' title='bbox 1236 3194 1297 3257; x_wconf 74' lang='lat'>(3)</span> <span class='ocrx_word' id='word_1_272' title='bbox 1326 3195 1434 3244; x_wconf 79' lang='lat' dir='ltr'>Car.</span> <span class='ocrx_word' id='word_1_273' title='bbox 1462 3215 1487 3243; x_wconf 85' lang='lat' dir='ltr'>a</span> <span class='ocrx_word' id='word_1_274' title='bbox 1512 3196 1659 3244; x_wconf 71' lang='lat' dir='ltr'>Linne</span> <span class='ocrx_word' id='word_1_275' title='bbox 1677 3233 1690 3256; x_wconf 98' lang='lat'>7</span> <span class='ocrx_word' id='word_1_276' title='bbox 1720 3195 1935 3261; x_wconf 71' lang='lat' dir='ltr'>Systema</span> <span class='ocrx_word' id='word_1_277' title='bbox 1957 3206 2176 3259; x_wconf 69' lang='lat' dir='ltr'>natm-w,</span> 
     </span>
     <span class='ocr_line' id='line_1_32' title="bbox 92 3270 2178 3341; baseline 0.005 -24"><span class='ocrx_word' id='word_1_278' title='bbox 92 3270 251 3318; x_wconf 81' lang='lat' dir='ltr'>Revue</span> <span class='ocrx_word' id='word_1_279' title='bbox 292 3273 674 3339; x_wconf 65' lang='lat' dir='ltr'>encyclopedique</span> <span class='ocrx_word' id='word_1_280' title='bbox 697 3311 712 3335; x_wconf 91' lang='lat'><strong>,</strong></span> <span class='ocrx_word' id='word_1_281' title='bbox 774 3287 888 3324; x_wconf 85' lang='lat' dir='ltr'>tom.</span> <span class='ocrx_word' id='word_1_282' title='bbox 931 3293 1042 3324; x_wconf 79' lang='lat' dir='ltr'>xxix</span> <span class='ocrx_word' id='word_1_283' title='bbox 1070 3314 1082 3335; x_wconf 90' lang='lat'>7</span> <span class='ocrx_word' id='word_1_284' title='bbox 1168 3285 1283 3324; x_wconf 82' lang='lat' dir='ltr'>tom.</span> <span class='ocrx_word' id='word_1_285' title='bbox 1319 3292 1337 3323; x_wconf 93' lang='lat'>1</span> <span class='ocrx_word' id='word_1_286' title='bbox 1356 3314 1369 3337; x_wconf 94' lang='lat'>7</span> <span class='ocrx_word' id='word_1_287' title='bbox 1410 3276 1565 3341; x_wconf 75' lang='lat' dir='ltr'>Reqn.</span> <span class='ocrx_word' id='word_1_288' title='bbox 1595 3286 1698 3326; x_wconf 75' lang='lat' dir='ltr'>nat.</span> <span class='ocrx_word' id='word_1_289' title='bbox 1728 3278 1881 3326; x_wconf 80' lang='lat' dir='ltr'>classis</span> <span class='ocrx_word' id='word_1_290' title='bbox 1919 3295 1936 3326; x_wconf 87' lang='lat'>1</span> <span class='ocrx_word' id='word_1_291' title='bbox 1963 3316 1976 3339; x_wconf 88' lang='lat'>7</span> <span class='ocrx_word' id='word_1_292' title='bbox 2009 3282 2178 3328; x_wconf 87' lang='lat' dir='ltr'>Mam-</span> 
     </span>
     <span class='ocr_line' id='line_1_33' title="bbox 92 3348 2059 3422; baseline 0.005 -25"><span class='ocrx_word' id='word_1_293' title='bbox 92 3348 212 3398; x_wconf 82' lang='lat' dir='ltr'>Mars</span> <span class='ocrx_word' id='word_1_294' title='bbox 246 3350 401 3412; x_wconf 87' lang='lat'>1826,</span> <span class='ocrx_word' id='word_1_295' title='bbox 434 3353 558 3402; x_wconf 78' lang='lat' dir='ltr'>Paris</span> <span class='ocrx_word' id='word_1_296' title='bbox 581 3392 594 3416; x_wconf 87' lang='lat'>7</span> <span class='ocrx_word' id='word_1_297' title='bbox 621 3367 704 3405; x_wconf 83' lang='lat' dir='ltr'>art.</span> <span class='ocrx_word' id='word_1_298' title='bbox 730 3357 1087 3422; x_wconf 75' lang='lat' dir='ltr'>Sciencesphy-</span> <span class='ocrx_word' id='word_1_299' title='bbox 1168 3356 1319 3404; x_wconf 81' lang='lat' dir='ltr'>malia</span> <span class='ocrx_word' id='word_1_300' title='bbox 1334 3392 1351 3418; x_wconf 86' lang='lat'>7</span> <span class='ocrx_word' id='word_1_301' title='bbox 1387 3368 1476 3407; x_wconf 84' lang='lat' dir='ltr'>art.</span> <span class='ocrx_word' id='word_1_302' title='bbox 1505 3355 1768 3421; x_wconf 59' lang='lat' dir='ltr'>Primanus,</span> <span class='ocrx_word' id='word_1_303' title='bbox 1806 3377 1858 3408; x_wconf 89' lang='lat' dir='ltr'>n.</span> <span class='ocrx_word' id='word_1_304' title='bbox 1889 3376 1905 3407; x_wconf 89' lang='lat'>1</span> <span class='ocrx_word' id='word_1_305' title='bbox 1935 3370 1980 3409; x_wconf 85' lang='lat' dir='ltr'>et</span> <span class='ocrx_word' id='word_1_306' title='bbox 2012 3377 2059 3407; x_wconf 87' lang='lat'>2.</span> 
     </span>
    </p>
   </div>
   <div class='ocr_carea' id='block_1_4' title="bbox 92 3430 1943 3664">
    <p class='ocr_par' dir='ltr' id='par_1_6' title="bbox 92 3430 1943 3664">
     <span class='ocr_line' id='line_1_34' title="bbox 92 3430 1943 3500; baseline 0.007 -25"><span class='ocrx_word' id='word_1_307' title='bbox 92 3430 279 3494; x_wconf 63' lang='lat' dir='ltr'>tiques,</span> <span class='ocrx_word' id='word_1_308' title='bbox 325 3432 563 3494; x_wconf 73' lang='lat' dir='ltr'>Hammo,</span> <span class='ocrx_word' id='word_1_309' title='bbox 613 3438 766 3486; x_wconf 79' lang='lat' dir='ltr'>article</span> <span class='ocrx_word' id='word_1_310' title='bbox 817 3442 978 3487; x_wconf 83' lang='lat' dir='ltr'>extrait</span> <span class='ocrx_word' id='word_1_311' title='bbox 1026 3440 1086 3486; x_wconf 90' lang='lat' dir='ltr'>du</span> <span class='ocrx_word' id='word_1_312' title='bbox 1239 3439 1302 3500; x_wconf 62' lang='lat'>(4)</span> <span class='ocrx_word' id='word_1_313' title='bbox 1328 3438 1468 3488; x_wconf 76' lang='lat' dir='ltr'>Diot.</span> <span class='ocrx_word' id='word_1_314' title='bbox 1505 3438 1667 3488; x_wconf 72' lang='lat' dir='ltr'>d’hist.</span> <span class='ocrx_word' id='word_1_315' title='bbox 1698 3440 1943 3488; x_wconf 76' lang='lat' dir='ltr'>natm-elle.</span> 
     </span>
     <span class='ocr_line' id='line_1_35' title="bbox 94 3512 1858 3582; baseline 0.007 -26"><span class='ocrx_word' id='word_1_316' title='bbox 94 3519 207 3558; x_wconf 86' lang='lat' dir='ltr'>tom.</span> <span class='ocrx_word' id='word_1_317' title='bbox 223 3527 302 3560; x_wconf 85' lang='lat' dir='ltr'>vm</span> <span class='ocrx_word' id='word_1_318' title='bbox 327 3512 392 3562; x_wconf 87' lang='lat' dir='ltr'>du</span> <span class='ocrx_word' id='word_1_319' title='bbox 409 3512 547 3563; x_wconf 74' lang='lat' dir='ltr'>Dict.</span> <span class='ocrx_word' id='word_1_320' title='bbox 564 3515 793 3582; x_wconf 72' lang='lat' dir='ltr'>classique</span> <span class='ocrx_word' id='word_1_321' title='bbox 816 3517 982 3568; x_wconf 75' lang='lat' dir='ltr'>d&#39;hist.</span> <span class='ocrx_word' id='word_1_322' title='bbox 998 3535 1088 3566; x_wconf 79' lang='lat' dir='ltr'>na·</span> <span class='ocrx_word' id='word_1_323' title='bbox 1234 3520 1302 3582; x_wconf 77' lang='grc' dir='ltr'>(ὅ)</span> <span class='ocrx_word' id='word_1_324' title='bbox 1328 3521 1424 3568; x_wconf 80' lang='lat' dir='ltr'>Art.</span> <span class='ocrx_word' id='word_1_325' title='bbox 1457 3524 1533 3569; x_wconf 84' lang='lat' dir='ltr'>cit.</span> <span class='ocrx_word' id='word_1_326' title='bbox 1555 3521 1713 3570; x_wconf 81' lang='lat' dir='ltr'>Revue</span> <span class='ocrx_word' id='word_1_327' title='bbox 1728 3556 1744 3582; x_wconf 88' lang='grc'>,</span> <span class='ocrx_word' id='word_1_328' title='bbox 1771 3533 1858 3571; x_wconf 85' lang='lat' dir='ltr'>etc.</span> 
     </span>
     <span class='ocr_line' id='line_1_36' title="bbox 94 3590 1523 3664; baseline 0.01 -29"><span class='ocrx_word' id='word_1_329' title='bbox 94 3590 253 3638; x_wconf 70' lang='lat' dir='ltr'>tur-elle</span> <span class='ocrx_word' id='word_1_330' title='bbox 271 3629 284 3652; x_wconf 84' lang='lat'>7</span> <span class='ocrx_word' id='word_1_331' title='bbox 315 3611 415 3659; x_wconf 83' lang='lat' dir='ltr'>pag.</span> <span class='ocrx_word' id='word_1_332' title='bbox 441 3595 556 3660; x_wconf 84' lang='lat'><strong>319.</strong></span> <span class='ocrx_word' id='word_1_333' title='bbox 1240 3600 1304 3664; x_wconf 84' lang='grc'>(6)</span> <span class='ocrx_word' id='word_1_334' title='bbox 1333 3601 1523 3650; x_wconf 86' lang='lat' dir='ltr'>Ibidem.</span> 
     </span>
    </p>
   </div>
   <div class='ocr_carea' id='block_1_5' title="bbox 160 3672 616 3741">
    <p class='ocr_par' dir='ltr' id='par_1_7' title="bbox 160 3672 616 3741">
     <span class='ocr_line' id='line_1_37' title="bbox 160 3672 616 3741; baseline 0.013 -23"><span class='ocrx_word' id='word_1_335' title='bbox 160 3672 220 3732; x_wconf 78' lang='lat'>(2)</span> <span class='ocrx_word' id='word_1_336' title='bbox 247 3672 367 3722; x_wconf 86' lang='lat' dir='ltr'>Ibid.</span> <span class='ocrx_word' id='word_1_337' title='bbox 400 3692 502 3740; x_wconf 83' lang='lat' dir='ltr'>pag.</span> <span class='ocrx_word' id='word_1_338' title='bbox 538 3676 616 3741; x_wconf 87' lang='lat'>76.</span> 
     </span>
    </p>
   </div>
  </div>
 </body>
</html>
