2580 4152
797 271 956 311 PAR'r.
984 274 1070 310 111.
1120 274 1187 310 DE

133 554 805 645 TRAGTATUS
903 556 1052 640 DE

2063 253 2174 311 109

1232 273 1470 310 HOMINE-

1153 557 1379 642 ΠΕΟ
1482 558 2092 645 CREATORE

916 768 1124 836 PARS
1209 769 1326 838 III.
1383 875 1387 877 ‚

947 978 1019 1017 DE
1073 976 1301 1019 HOMINE.
1347 989 1351 993 ¹

147 1201 286 1259 226.
331 1198 652 1258 Perfecerat
689 1196 877 1276 operis
922 1193 1011 1252 sui
1039 1204 1236 1275 partes
1262 1216 1466 1254 omnes
1489 1240 1505 1271 .,
1545 1217 1728 1277 quum
1756 1219 1879 1258 sese
1917 1199 2072 1258 Deus
2102 1201 2178 1261 ad

68 1295 370 1354 hominem
414 1288 786 1351 condendum
831 1288 1120 1350 convertit
1153 1333 1169 1363 ,
1212 1289 1458 1369 perinde
1511 1311 1575 1348 ac
1622 1291 1671 1350 si
1721 1302 1893 1352 antea
1936 1293 2178 1355 domum

69 1399 363 1450 exstruere
389 1397 562 1467 atque
593 1405 874 1444 exornare
915 1382 1226 1457 voluisset3
1261 1383 1414 1443 illius
1451 1385 1612 1444 enim
1653 1407 1825 1446 causa
1853 1388 2001 1448 facta
2039 1401 2179 1449 sunt

62 1484 255 1543 omnia
274 1527 290 1558 ‚
323 1493 388 1540 ut
410 1480 624 1539 scilicet
652 1501 855 1539 eorum
883 1480 1148 1538 omnium
1185 1490 1244 1539 et
1266 1501 1373 1538 usu
1397 1491 1456 1539 et
1488 1481 1983 1564 contemplatione
2017 1485 2178 1544 frue-

71 1589 265 1654 retur3
291 1588 465 1658 atque
496 1575 591 1634 hic
631 1574 811 1636 veluti
847 1596 954 1657 per
987 1574 1198 1654 gradus
1222 1575 1298 1633 ad
1333 1575 1439 1634 Dei
1479 1577 1752 1636 notitiam
1775 1623 1791 1652 ⁷
1837 1577 2177 1639 admiratio-

61 1694 232 1747 nem,
257 1692 518 1731 amorem
550 1669 805 1751 denique
833 1690 897 1728 ac
920 1669 1395 1751 praedicationem
1430 1684 1755 1751 assurgeret
1787 1672 1898 1753 (l).

141 1781 278 1841 227.
323 1778 618 1860 Quidquid
640 1776 716 1836 ad
743 1769 1124 1860 philosophiae
1162 1799 1227 1838 ac
1255 1800 1550 1838 sacrarum
1584 1779 1913 1841 litterarum
1948 1781 2177 1862 profes-

58 1897 214 1935 sores
268 1884 493 1957 spectat
516 1919 532 1949 ,
573 1873 815 1932 omnino
864 1872 1224 1946 omittimus3
1298 1872 1585 1955 quidquid
1632 1886 1720 1934 est
1775 1875 2065 1957 theologi,
2113 1876 2177 1935 in

130 2092 192 2157 (l)
230 2091 502 2141 Communis
528 2108 582 2140 ac
606 2100 788 2156 recepta
809 2090 1073 2141 Catholico-

62 2191 167 2223 rum
182 2176 404 2223 sententia
421 2191 446 2221 e
464 2174 601 2222 sacris
621 2174 783 2222 litteris
803 2173 1074 2239 deprompta

68 2255 168 2303 haec
192 2265 258 2303 est
276 2292 288 2314 ‚
307 2254 460 2302 Deum
484 2255 575 2302 hoc
603 2256 872 2303 universum
893 2255 951 2303 ad
974 2255 1075 2319 glo-

71 2339 148 2384 riae
193 2353 282 2384 suae
327 2336 747 2385 manifestationem
794 2337 1073 2386 condidisse.

69 2418 249 2466 Dicitur
275 2419 400 2465 enim
427 2416 564 2466 Prov.
593 2435 670 2466 xvt
687 2455 700 2478 ‚
732 2414 766 2480 4
791 2435 805 2465 :
835 2417 1077 2466 Universa

55 2511 258 2568 propter
285 2503 586 2566 semetipsum
627 2510 846 2567 operatas
878 2511 949 2550 est
969 2502 1077 2550 Do-

69 2585 323 2631 minus....
364 2582 583 2630 Attamen
639 2600 692 2631 ex
748 2584 1078 2632 recentioribus

74 2664 266 2714 Kantius
280 2674 489 2712 autumat
500 2663 671 2722 Deum,
689 2665 740 2711 in
754 2665 1077 2713 constituendo

73 2764 252 2795 summo
281 2747 444 2794 mundi
473 2747 612 2794 creati
642 2746 734 2793 fine
754 2781 769 2807 ‚
807 2755 1076 2795 naturarum

75 2837 250 2876 tantum
291 2827 645 2892 intelligentium
683 2827 899 2874 habuisse
938 2830 1079 2875 ratio-

77 2909 306 2958 nem.Vid.
323 2909 510 2958 Kritik.
531 2908 614 2956 der
620 2908 785 2974 prakt.
807 2907 867 2955 V
858 2909 1073 2973 ernunfl,

75 3007 155 3039 seu
171 2989 353 3039 Critiea
378 2992 585 3039 rationis
599 2991 854 3056 practicae,
872 2989 1075 3055 pag.235

75 3081 120 3120 et
166 3089 329 3138 seqq.;
363 3073 500 3122 Krit.
539 3072 626 3120 der
673 3071 959 3122 Urtheilskr.
996 3090 1076 3121 seu

77 3152 260 3201 Critica
273 3154 522 3218 facultatis
539 3154 837 3221 judicandi,
856 3172 958 3220 pag.
977 3151 1075 3203 338

73 3243 121 3282 et
136 3251 288 3300 seqq„
313 3234 404 3299 421
435 3246 481 3285 et
501 3253 633 3303 seqq.
659 3237 717 3285 In
742 3237 953 3286 eamdem
981 3254 1077 3285 sen·

75 3319 264 3365 tentiam
297 3330 615 3371 concesserunt
640 3320 753 3368 Chr.
770 3319 908 3369 Will.
926 3319 1073 3380 Snell,

75 3396 203 3445 Drei
235 3397 653 3465 AbhanMunyen,
690 3411 779 3450 etc.
806 3420 887 3451 seu
922 3401 1077 3449 Trac-

73 3486 200 3529 tatus
247 3487 337 3528 tres
384 3480 441 3528 de
488 3485 691 3532 materia
724 3483 1041 3549 philosophice
1055 3518 1071 3543 ,

75 3569 204 3609 tract.
226 3577 253 3608 2
274 3599 286 3622 ,
317 3562 398 3610 De
420 3565 688 3628 optimismo
704 3603 718 3626 ‚
748 3564 875 3631 Lips.
914 3563 1073 3632 1796;

75 3638 266 3701 Jacobi‚
297 3641 431 3708 Allq.
469 3644 722 3710 Reliqion,
767 3665 847 3696 seu
888 3646 1076 3711 Religio

71 3722 335 3788 generalis,
361 3743 466 3793 pag.
490 3724 590 3790 416
614 3738 658 3777 et
677 3745 832 3795 seqq.;
854 3727 1073 3788 Ammon,

1155 2093 1359 2139 Summa
1375 2090 1513 2141 theol.
1544 2091 1730 2142 Christ.
1749 2109 1858 2159 pag.
1887 2095 1973 2143 131
1998 2104 2175 2161 etseq.;

1156 2172 1488 2238 Wegscheider
1508 2212 1522 2235 ‚
1540 2171 1664 2223 Inst.
1678 2173 1816 2223 theol.
1847 2173 1874 2241 S
1894 2173 1981 2243 96.
1997 2175 2178 2226 Horum

1155 2256 1309 2319 potius
1326 2254 1685 2304 Protestantium
1717 2266 1762 2305 et
1783 2258 2177 2306 rationalistarum

1156 2338 1357 2401 vestigiis
1399 2355 1541 2403 quam
1584 2337 1932 2387 Catholicorum
1966 2341 2177 2389 insistere

1160 2417 1322 2467 maluit
1348 2417 1512 2484 Georg.
1547 2419 1744 2469 Hermes
1767 2458 1780 2480 ‚
1814 2422 1895 2486 qui
1927 2423 1978 2468 in
2007 2421 2177 2471 Intro-

1162 2499 1294 2549 duct.
1332 2500 1668 2566 philosophica
1691 2537 1707 2562 ‚
1760 2502 1963 2552 Monast.
2015 2501 2141 2570 1819
2160 2541 2174 2564 ‚

1161 2592 1326 2646 quaest.
1358 2569 1418 2644 2,
1461 2581 1486 2648 §
1515 2600 1540 2648 7
1558 2600 1573 2630 1
1597 2619 1612 2646 ,
1636 2601 1742 2648 pag.
1768 2581 1868 2650 470
1890 2621 1903 2643 ‚
1936 2584 2176 2650 repudiata

1160 2666 1400 2712 communi
1430 2665 1773 2731 theologorum‘
1799 2667 2024 2714 sententia
2044 2702 2058 2726 ,
2094 2668 2178 2732 qui

1160 2743 1393 2792 affirmant
1424 2745 1576 2794 Deum
1604 2746 1797 2811 gloriam
1823 2764 1956 2794 suam
1981 2748 2031 2794 in
2046 2764 2177 2796 crea-

1124 2827 1285 2874 'tione
1320 2843 1475 2874 rerum
1525 2826 1666 2875 veluti
1715 2828 1859 2876 finem
1913 2827 2128 2877 habuisse
2157 2866 2171 2888 ,

1159 2917 1260 2972 post
1290 2908 1423 2972 plura
1446 2910 1554 2956 satis
1583 2908 1779 2958 obscure
1808 2909 2037 2974 disputata
2060 2926 2176 2958 con-

1159 2989 1305 3038 cludit
1331 3007 1344 3038 :
1376 2989 1518 3038 Deus
1542 2991 1704 3055 itaque
1732 2992 1910 3038 creavit
1931 2990 2175 3040 hominem

1149 3079 1348 3137 propter
1373 3070 1612 3120 hominem
1629 3108 1644 3136 ‚
1677 3080 1723 3119 et
1753 3072 1947 3137 quidem
1973 3054 2041 3120 ad
2071 3074 2176 3138 esus

1151 3153 1432 3217 felicitatem
1446 3174 1466 3212 ;
1492 3170 1608 3202 nam
1626 3152 1766 3200 Deus
1779 3189 1796 3215 ,
1829 3162 1886 3201 ut
1911 3171 1997 3202 ens
2016 3171 2175 3203 mora-

1157 3235 1267 3284 liter
1282 3235 1549 3301 perfectum
1576 3243 1622 3283 et
1654 3236 1856 3297 bonum,
1891 3253 1991 3284 non
2012 3237 2177 3302 potuit

1158 3319 1206 3365 ei
1242 3316 1364 3366 male
1382 3356 1395 3378 ‚
1427 3317 1510 3365 sed
1533 3318 1676 3366 unice
1701 3317 1816 3365 bene
1850 3316 1978 3366 velle.
2008 3317 2172 3366 Dixi.-

1158 3408 1201 3447 et
1214 3399 1408 3465 quidem
1421 3398 1486 3446 ad
1512 3401 1615 3465 ejus
1632 3390 1915 3464 felicitatem
1934 3435 1948 3458 ‚
1975 3398 2061 3446 hoc
2083 3407 2168 3459 est,

1158 3498 1255 3530 non
1291 3481 1357 3528 ad
1390 3480 1664 3530 sensibilem
1699 3480 2014 3545 felicitatem,
2055 3495 2172 3526 mam

1151 3564 1327 3628 fruitio
1368 3561 1612 3611 sensibilis
1652 3579 1752 3610 non
1786 3562 1926 3610 habet
1962 3559 2171 3609 valorem

1157 3644 1505 3693 immutabilem
1516 3661 1610 3711 pro
1639 3652 1742 3692 ente
1771 3640 2171 3691 rationali-sensi—

1162 3725 1250 3775 bili
1268 3764 1282 3788 ,
1325 3735 1370 3775 et
1397 3742 1650 3792 nunquam
1673 3727 1766 3774 erit
1795 3741 1847 3773 eo
1877 3723 2058 3789 (liqna,
2087 3724 2170 3797 sed
