2580 4152
354 289 432 347 26
1010 310 1205 347 Timor.
1250 310 1319 346 nn
1361 311 1468 349 nno
1511 308 1811 351 canu-omi.

439 452 542 511 49.
592 451 931 511 Communis
953 450 1206 532 denique
1226 472 1291 510 ac
1323 463 1477 513 certa
1507 453 1770 513 doctrina
1797 464 1887 514 est
1906 499 1921 529 ,
1945 454 2182 535 singulis
2210 475 2474 513 commu-

356 546 642 607 nitatibus
669 594 684 620 ,
713 549 904 627 regnis
934 558 992 605 et
1018 546 1335 627 provinciis
1370 548 1645 629 speciales
1678 549 1924 630 Angelos
1953 571 1985 608 a
2014 552 2134 610 Deo
2165 548 2476 631 deputatos

356 666 501 705 esse.
534 644 753 703 Nititur
780 654 977 701 autem
999 642 1123 701 haec
1149 644 1437 703 sententia
1463 643 1706 705 diversis
1733 646 2161 727 scripturarum
2186 644 2324 704 locis
2350 671 2366 719 ς
2396 645 2476 704 sic

357 740 540 800 Exod.
572 741 723 814 XIV,
766 740 836 796 19
875 750 1235 797 memoratur
1265 740 1527 819 Anqelus
1555 743 1675 800 Dei
1691 786 1707 815 .,
1733 746 1847 820 qui
1863 743 2243 821 praecedehat
2275 751 2478 800 castra

356 838 553 898 Israel
569 862 584 909 ς
610 838 645 895 J
650 858 729 894 os,
758 835 827 908 V,
865 833 939 892 14
968 835 1239 916 apparuit
1265 836 1565 915 Princeps
1590 841 1882 895 excercitus
1920 839 2179 896 Domini
2189 860 2210 903 ,·
2245 838 2393 894 Dan.
2424 837 2478 893 X

358 930 848 993 commendantur
884 930 1175 1012 principes
1199 977 1213 1005 7
1251 929 1311 988 id
1347 941 1435 989 est
1456 977 1470 1005 ,
1502 930 1706 1010 Angeli
1742 931 1903 1010 regni
1941 934 2282 1006 Persarum,
2325 933 2478 990 Grae-

357 1049 557 1086 corum
599 1037 658 1086 et
712 1026 1076 1086 Judaeorum.
1126 1027 1238 1099 Qui
1281 1026 1448 1108 plura
1515 1026 1676 1109 cupit
1705 1072 1720 1101 7
1766 1025 2032 1085 consulat
2077 1027 2379 1088 Petavium
2413 1047 2481 1085 ao

357 1124 779 1184 Trombellium
806 1122 918 1204 (l).

1161 1313 1645 1360 DIFFICULTATES.

446 1483 545 1543 50.
597 1481 732 1563 Obj.
758 1482 973 1564 prima.
1010 1483 1080 1542 In
1118 1481 1391 1542 universa
1440 1479 1513 1540 de
1567 1479 1767 1560 Angeli
1813 1479 2078 1539 doctrina
2115 1478 2482 1558 dijudicanda

356 1579 560 1641 sedulo
586 1577 1018 1661 respiciendum
1055 1588 1144 1636 est
1177 1577 1237 1635 10
1272 1587 1403 1635 tum
1442 1575 1518 1634 ad
1566 1596 1801 1636 mancas
1842 1586 1903 1634 et
1942 1575 2309 1656 imperfectas
2366 1574 2477 1634 aevi

358 1675 678 1736 incultioris
754 1673 827 1735 de
910 1671 1214 1735 voluntate
1279 1672 1479 1733 divina
1523 1672 1719 1730 omnia
1793 1669 2154 1750 gubernante
2212 1670 2486 1728 notiones

361 1775 550 1852 (Gen.
590 1769 799 1845 XVIII,
840 1770 1000 1849 21);
1035 1769 1103 1826 20
1139 1779 1271 1828 tum
1308 1767 1382 1826 ad
1425 1765 1907 1827 consuetudinem
1954 1765 2265 1825 hominum
2297 1765 2488 1823 rudio-

359 1889 494 1927 rum
522 1913 538 1942 a
586 1867 686 1948 qui
749 1876 995 1926 eventus
1051 1863 1347 1923 naturales
1391 1863 1655 1922 insolitos
1708 1863 2077 1942 maximeque
2115 1860 2489 1942 cogitationes

358 1965 548 2024 menti
586 1974 832 2045 repente
858 1972 1224 2021 occurrentes
1259 1959 1334 2018 ad
1363 1960 1753 2020 ministerium
1780 1970 2127 2018 naturarum
2161 1956 2486 2017 coelestium

358 2060 599 2120 homine
631 2059 997 2140 superiorum
1020 2067 1299 2117 revocant
1322 2056 1409 2137 (2)
1429 2102 1445 2131 7
1476 2067 1535 2115 et
1558 2055 1835 2135 imagines
1863 2076 1895 2113 a
1925 2075 2127 2133 regum
2152 2063 2489 2112 nostrorum

361 2155 585 2216 aedibus
617 2155 692 2213 ad
722 2153 1020 2215 coelestem
1050 2152 1169 2212 fere
1199 2153 1305 2211 Dei
1343 2152 1537 2210 aulam
1570 2150 1952 2210 transferunt.
1997 2150 2061 2209 30
2087 2151 2289 2230 Neque
2320 2147 2488 2206 dissi-

362 2251 590 2310 mulare
617 2250 751 2310 licet
793 2249 952 2331 quod
974 2295 988 2322 .,
1029 2249 1074 2307 si
1099 2270 1170 2307 ex
1200 2270 1372 2307 sensu
1403 2246 1642 2307 litterali
1668 2246 1766 2305 illa
1801 2245 2143 2325 intelligitur
2178 2243 2439 2302 doctrina
2470 2287 2485 2315 ,

362 2358 587 2429 pugnat
609 2358 810 2406 contra
835 2345 1013 2427 ipsius
1043 2345 1149 2404 Dei
1178 2343 1521 2424 dignitatem
1541 2389 1556 2417 ‚
1584 2341 1870 2424 siquidem
1893 2342 1956 2400 in
1978 2341 2102 2399 istis
2120 2338 2193 2398 de
2217 2341 2489 2418 ἀγγελοφα-

366 2453 512 2509 νείαις
547 2443 569 2521 (
598 2439 1062 2524 apparitionibus
1101 2437 1493 2519 Angelorum)
1531 2435 1964 2497 narrationibus
1993 2435 2259 2517 plurimis
2299 2432 2488 2493 nodus

366 2538 470 2598 tali
507 2539 737 2597 vindice
777 2537 986 2618 dignus
1034 2537 1275 2595 omnino
1313 2534 1676 2595 desideratur
1723 2532 1938 2612 (velut
1975 2535 2122 2592 Gen.
2172 2531 2338 2602 XXI,
2375 2529 2484 2599 193

366 2636 604 2710 XXXII,
639 2635 666 2691 1
701 2644 759 2693 et
784 2629 859 2697 2ss
896 2635 1054 2692 Num
1081 2633 1271 2705 XXII.,
1294 2632 1377 2689 22
1410 2642 1468 2690 et
1490 2652 1682 2712 seqq.3
1715 2630 1792 2688 III
1824 2631 1961 2710 Reg.
1992 2628 2157 2699 XIX3
2189 2626 2315 2683 Act.
2348 2622 2485 2695 XII,

367 2730 482 2804 233
530 2729 661 2789 coll.
710 2728 953 2811 Josephi
990 2728 1363 2807 Antz'quz‘tac.
1410 2728 1560 2787 Jud.
1609 2747 1736 2807 cap.
1785 2726 1954 2797 XIX,
2000 2723 2058 2781 8.
2100 2721 2198 2798 2.)
2231 2744 2247 2792 ς
2285 2716 2485 2777 4063-

370 2826 622 2908 demque
674 2826 1009 2908 perniciosae
1054 2823 1453 2906 superstitioni
1503 2822 1862 2881 occasionem
1902 2816 2125 2900 praebet
2151 2860 2168 2889 a
2213 2834 2405 2895 neque
2455 2834 2487 2871 a

372 2920 602 2979 Christo
637 2922 762 3002 ipso
790 2942 1052 3003 unquam
1097 2919 1232 2979 data
1274 2941 1450 3002 opera
1480 2917 1766 2976 illustrata
1808 2925 1896 2974 est
1922 2911 2013 2975 vel
2053 2909 2482 2971 commendata.

444 3151 514 3212 (l)
544 3150 700 3199 Petav.
732 3151 824 3198 loc.
850 3152 930 3197 cit.
951 3167 1052 3213 cap.
1074 3147 1108 3196 6
1123 3183 1138 3209 ,
1159 3158 1204 3197 et
1220 3148 1387 3197 Trom-
1474 3146 1708 3194 doemones
1719 3145 1842 3209 facti
1870 3151 2041 3191 sunt...
2080 3139 2293 3189 custodes
2312 3147 2490 3187 morta·

374 3233 487 3282 bell.
527 3232 602 3280 De
619 3230 798 3297 Anqel.
827 3231 1007 3280 custod.
1038 3231 1218 3279 Bonon.
1246 3228 1389 3296 1747.
1476 3228 1610 3277 lium
1649 3227 1918 3275 hominum.

377 3315 485 3363 Haec
500 3315 659 3363 eadem
674 3316 902 3363 sententia
917 3314 1100 3361 inhaesit
1114 3314 1221 3378 ipsis
1237 3312 1392 3359 ethni·
1548 3312 1614 3374 (2)
1635 3310 1888 3367 Eichhurn,
1917 3306 1975 3353 V
1969 3323 2030 3354 on
2044 3306 2121 3354 die
2135 3305 2187 3353 E
2188 3304 2496 3370 nqelersclzei·

378 3400 443 3445 cis
464 3414 478 3459 3
511 3415 620 3445 sane
650 3396 863 3461 Orpheus
898 3398 1022 3443 canit
1045 3397 1095 3442 in
1122 3395 1288 3460 hymn.
1332 3394 1389 3442 ad
1471 3410 1667 3458 nuuqen
1686 3403 1861 3441 eto.seu
1884 3389 1963 3437 De
1981 3388 2366 3456 apparitiombus
2380 3385 2496 3433 An·-

379 3480 535 3529 Musas
555 3476 790 3542 :Am'peom'
811 3479 852 3528 τ’
869 3475 1074 3538 ἠγᾶθεον
1093 3476 1167 3527 καὶ
1191 3474 1393 3540 δαίμονα,
1473 3476 1562 3543 961.
1579 3478 1635 3523 in
1651 3473 1770 3524 Act.
1795 3472 1965 3538 Apost.
1990 3475 2039 3520 in
2056 3470 2194 3520 Bibl.
2217 3467 2392 3517 debibl·
2423 3467 2497 3515 lit.

378 3563 562 3627 πέμπω
576 3566 768 3623 θνητῶν,
790 3561 1166 3626 Doemonemque
1182 3561 1406 3609 divinum
1490 3577 1545 3608 m
1564 3596 1577 3618 ‚
1612 3553 1702 3607 381
1732 3568 1777 3606 et
1798 3546 1926 3622 seqq.
1956 3554 2105 3614 stabi,
2138 3551 2294 3603 Ueber
2304 3550 2381 3597 die
2394 3548 2448 3596 E
2448 3566 2497 3597 r-

380 3657 426 3695 et
458 3648 719 3696 doemonem
752 3647 955 3693 noxium
999 3643 1277 3692 mortalibus
1304 3662 1319 3706 3
1366 3656 1409 3694 et
1491 3641 1838 3704 scheimmqen,
1860 3647 1948 3686 etc.
1980 3655 2060 3686 seu
2089 3634 2161 3684 De
2173 3633 2499 3699 apparitioni-

383 3728 613 3779 Hesiodus
641 3748 658 3778 1
687 3744 760 3795 op.
794 3738 871 3777 Τοι
890 3724 973 3791 μὲν
1006 3724 1226 3790 δαίμονές
1257 3730 1405 3777 εἰσι...
1491 3725 1579 3772 bus
1595 3723 1779 3771 Jehova
1796 3731 1841 3770 et
1860 3720 2156 3786 Anqelorum
2179 3718 2336 3785 ipsius
2356 3751 2367 3775 ,
2385 3715 2497 3764 ibid.

386 3809 597 3873 φυ’>.οικες
630 3807 801 3867 Sum-aiv
842 3810 1102 3877 οἱνθςῶπων.
1141 3809 1408 3875 liquidem
1494 3825 1557 3856 vn
1581 3846 1594 3868 ‚
1636 3803 1729 3855 156
1757 3817 1800 3855 et
1832 3823 1957 3871 seqq.
