2580 4152
366 189 446 247 90

1022 217 1221 255 TRACT.
1270 219 1341 257 DE
1385 220 1490 258 DEO
1533 220 1838 261 CREATORE.

1194 386 1682 432 DlFFICULTATEs‚

452 513 587 572 187.
635 514 714 571 Ex
752 512 919 571 dictis
948 523 1112 593 patet
1138 513 1236 573 vix
1260 512 1448 573 ullum
1476 515 1913 575 difficultatibus
1940 515 2134 577 locum
2162 540 2285 578 esse
2316 565 2332 593 7
2363 540 2496 578 cum

369 606 788 686 objectionibus
823 629 895 667 ex
940 607 1298 667 naturalium
1333 610 1709 669 scientiarum
1746 612 1952 671 studiis
1997 613 2361 697 depromptis
2401 613 2499 674 vel

371 701 786 785 depromendis
824 703 1183 762 satisfactum
1214 704 1308 763 sit.
1354 706 1800 765 perscrutentur
1848 700 2137 789 quantum
2173 708 2317 768 libet
2357 708 2498 767 dili-

369 798 703 877 gentissime
735 810 969 858 montes
1009 800 1338 881 primitivos
1360 846 1375 875 7
1431 801 1803 866 secundarios
1832 850 1847 879 7
1890 805 2178 863 tertiarios
2200 851 2215 879 7
2261 806 2502 887 ipsaque

368 893 754 953 vulcanorum
779 895 999 956 viscera
1029 921 1045 969 ς
1078 895 1434 954 distribuant
1461 918 1568 978 per
1597 898 1816 979 species
1845 911 1904 957 et
1929 920 2139 978 genera
2165 900 2411 959 conchas
2442 912 2504 960 et

368 986 615 1048 buccina
646 1035 661 1064 7
698 1013 833 1070 quoe
852 996 1341 1072 pereyrinamur
1378 998 1447 1051 in
1484 994 1830 1066 montibus,
1871 1005 1935 1052 ut
1972 1015 2106 1053 cum
2143 995 2503 1054 Tertulliano

369 1082 614 1167 loquar3
657 1085 858 1145 dicant
889 1108 1023 1145 cum
1053 1086 1377 1167 Pythagora
1412 1087 1570 1170 apud
1608 1089 1885 1150 Ovidium
1916 1115 1931 1147 ;

549 1222 694 1282 Vidi
750 1245 849 1303 eye
873 1269 889 1297 7
950 1224 1114 1302 quod
1158 1227 1375 1302 fuerat
1430 1226 1738 1303 quondam
1784 1228 2151 1285 solidissima
2210 1229 2378 1286 tellus
2407 1273 2422 1301 7

536 1317 683 1376 Esse
704 1321 938 1397 fretum
965 1344 991 1392 ‚-
1021 1319 1154 1376 vidi
1173 1322 1374 1397 factas
1399 1342 1471 1378 eoe
1499 1342 1734 1400 oequore
1758 1333 1983 1395 terrm,-

537 1414 627 1473 Εὐ
639 1416 864 1494 procul
885 1437 924 1473 a
940 1416 1153 1495 pelaqo
1180 1416 1415 1475 conch-ce
1425 1420 1682 1494 jacuere
1707 1422 1974 1476 vnarz‘noe
2015 1418 2105 1497 (l)
2131 1444 2148 1492 ς

376 1521 473 1583 vel
502 1543 636 1581 cum
667 1522 906 1582 Manilio
950 1546 962 1581 ε

543 1637 856 1693 Emersere
877 1636 1058 1714 fretis
1084 1644 1307 1691 montes
1321 1676 1343 1705 ,
1377 1635 1654 1713 orbisque
1670 1656 1784 1714 per
1808 1637 2009 1695 undas

539 1730 772 1789 Exilia
787 1753 808 1796 ‚·
839 1740 999 1789 vasto
1030 1731 1276 1788 clausu-s
1302 1739 1504 1788 tamen
1531 1731 1803 1810 undique
1821 1743 2006 1812 ponto
2032 1730 2156 1814 (2);

377 1839 697 1899 ostendant
731 1839 1013 1898 immania
1051 1837 1385 1898 belluarum
1426 1860 1551 1897 ossa
1591 1860 1623 1898 e
1666 1851 1833 1900 terrae
1881 1843 2014 1900 sinu
2051 1842 2290 1917 educta3
2320 1842 2507 1923 digla-

378 1934 618 1995 dientur
646 1981 661 2010 7
699 1936 747 1994 si
793 1935 984 2017 placet
1012 1981 1027 2009 7
1066 1934 1284 2015 geologi
1315 1935 1671 2016 neptunistae
1698 1956 1831 1994 cum
1870 1936 2210 1997 vulcanistis
2247 1950 2349 1998 aut
2379 1938 2514 2020 plu-

379 2032 614 2090 tonistis
662 2031 750 2113 (3)
780 2057 795 2105 ς
839 2031 900 2090 id
944 2052 1256 2112 nunquam
1314 2031 1606 2109 attingent
1639 2076 1654 2105 7
1723 2032 1883 2113 quod
1931 2032 2316 2093 vehementer
2372 2032 2516 2092 adeo

381 2138 656 2208 quaerunt
676 2173 691 2202 7
724 2139 790 2186 ut
819 2149 1035 2214 nempe
1058 2125 1468 2186 demonstrent
1492 2127 1753 2207 Moysem
1778 2127 1983 2196 falsam
2002 2130 2285 2212 epocham
2309 2128 2517 2187 mundi

380 2224 661 2283 creationi
688 2225 1025 2304 assignasse.
1059 2224 1161 2281 His
1189 2233 1498 2304 propterea
1538 2221 1787 2282 dimissis
1807 2271 1822 2299 7
1857 2238 2123 2307 superest
2167 2237 2234 2284 ut
2259 2226 2520 2284 rationa-

383 2320 654 2379 listarum
683 2319 1056 2379 difficultates
1081 2340 1503 2400 proponamus.

470 2418 607 2478 188.
659 2416 793 2495 Obj.
833 2417 1046 2498 prim0.
1099 2415 1161 2472 1Ο
1190 2413 1419 2495 Duplex
1456 2412 1555 2471 illa
1585 2417 1967 2494 cosmogoniae
1993 2418 2248 2498 species7
2288 2437 2415 2498 quae
2454 2416 2514 2476 in

382 2513 487 2574 lib.
530 2516 679 2573 Gen.
711 2511 814 2593 (Ι,
849 2514 877 2570 1
905 2558 919 2587 7
947 2523 1007 2571 et
1036 2511 1086 2569 ΙΙ
1106 2556 1121 2586 7
1149 2511 1186 2568 4
1209 2511 1231 2590 )
1259 2508 1470 2568 tradita
1488 2554 1504 2585 7
1533 2531 1597 2568 ac
1622 2510 1983 2593 reliquarum
2006 2514 2271 2594 gentium
2296 2514 2516 2594 prisca-

386 2752 492 2784 mus
506 2770 520 2795 ,
544 2752 599 2783 ex
618 2734 794 2783 theoria
811 2732 1124 2798 gravitationis
1147 2727 1420 2779 universalis

389 2818 695 2866 ostenderunt
713 2855 726 2877 7
757 2816 987 2884 ejusmodi
1005 2824 1186 2863 motum
1204 2831 1302 2861 non
1324 2830 1421 2862 esse

390 2902 479 2948 nisi
507 2901 860 2948 oscillatorium.
877 2899 1000 2947 Hine
1020 2914 1181 2947 omnes
1197 2897 1421 2945 incredu-

390 2983 546 3031 lorum
573 2981 871 3030 difficultates
897 2983 1079 3046 penitus
1111 2989 1411 3028 evanescunt.

464 3065 525 3128 (1)
565 3062 889 3129 Metamorph.
922 3063 1010 3110 lib.
1040 3079 1102 3110 xv
1125 3100 1137 3123 7
1170 3081 1215 3110 v.
1252 3058 1347 3108 262
1374 3071 1419 3108 et

397 3166 528 3215 seqq.

463 3230 531 3295 (⁰2)
569 3229 971 3277 Astronomicon.

467 3312 530 3379 (8)
550 3312 587 3359 H
593 3313 835 3378 ypotheses
852 3311 1235 3377 Neptunistarum
1249 3321 1293 3358 et
1311 3308 1422 3358 Vul-

398 3398 683 3446 canistarum
731 3404 1001 3459 supponunt
1045 3394 1207 3442 orbem
1243 3394 1371 3440 hunc
1398 3408 1423 3439 a

397 3481 629 3546 principio
647 3480 788 3526 fuisse
798 3476 1011 3543 fluidum
1031 3515 1043 3537 7
1066 3479 1118 3524 in
1135 3493 1228 3541 quo
1252 3475 1426 3522 scilicet

399 3562 622 3611 dissoluta
660 3569 792 3609 erant
823 3562 1049 3625 principia
1088 3577 1169 3607 seu
1199 3558 1427 3607 elementa

400 3661 680 3710 corporum,
717 3660 821 3712 quae
855 3643 1053 3692 solidam
1092 3660 1223 3690 nunc
1254 3645 1428 3691 consti-

402 3736 543 3779 tuunt
572 3739 700 3778 terrae
725 3745 946 3791 massam5
985 3737 1054 3776 ast
1078 3726 1132 3774 lis
1161 3728 1283 3792 Viget
1308 3727 1429 3773 inter

1502 2732 1744 2797 utriusque
1781 2731 2046 2797 hypothesis
2084 2731 2289 2779 fautores
2319 2732 2370 2777 in
2407 2747 2523 2778 con-

1504 2814 1736 2862 stituendo
1757 2851 1769 2873 ‚
1797 2814 1925 2879 quod
1942 2833 1967 2862 a
1985 2814 2197 2861 chimicis
2223 2822 2413 2860 vocatur
2428 2810 2522 2859 sol-

1506 2911 1641 2943 vens,
1669 2895 1808 2943 Juxta
1827 2895 2123 2961 Neptunistas
2148 2895 2239 2943 hoc
2268 2894 2525 2942 dissolvens

1500 2988 1567 3026 est
1602 2994 1759 3043 aqua3
1789 2981 1925 3044 juxta
1955 2978 2245 3026 Vulcanistas
2276 2987 2344 3025 est
2381 2979 2520 3042 ignis.

1502 3059 1563 3107 Hi
1597 3078 1622 3107 a
1648 3061 1891 3109 nonnullis
1924 3060 2192 3108 Plutonistae
2211 3060 2456 3122 dicuntur3
2482 3070 2526 3107 et

1502 3141 1783 3190 Vulcanistoe
1821 3143 2144 3208 appellantur,
2187 3144 2270 3207 qui
2313 3142 2372 3198 ab
2418 3143 2524 3206 igne

1505 3233 1722 3290 repetunt
1741 3226 1967 3291 quasdam
1984 3241 2120 3289 rupes
2138 3224 2318 3287 (rocce)
2339 3234 2380 3272 et
2397 3240 2525 3289 quae·

1508 3308 1615 3356 dam
1634 3309 1875 3356 mineralia
1893 3345 1907 3370 7
1922 3324 2025 3374 quae
2046 3309 2121 3355 alii
2141 3317 2299 3356 contra
2325 3307 2383 3355 ab
2405 3324 2526 3374 aqua

1509 3401 1742 3456 repetunt.
1786 3390 1984 3439 Theoria
2023 3390 2390 3438 Plutonistarum
2435 3388 2528 3435 fere

1509 3475 1821 3535 obsoleverat3
1845 3483 1889 3521 at
1908 3490 2037 3520 nune
2061 3475 2230 3521 iterum
2264 3479 2524 3528 revocatur,

1511 3568 1561 3605 ut
1594 3566 1717 3621 patet.
1752 3574 1806 3604 ex
1835 3557 1984 3604 citatis
2022 3555 2240 3621 operibus
2270 3553 2527 3601 Demerson

1513 3650 1558 3688 et
1588 3638 1791 3687 Boubee.
