2580 4152
461 280 618 317 PART.
662 279 727 315 11.
772 274 896 314 cAr.
943 276 1008 313 11.
1057 276 1126 312 mi
1168 257 1411 325 MQSAi‘cA
1453 269 1824 310 cosmocomA.

2123 248 2198 306 89

102 421 178 480 ris
195 466 210 495 ‚
248 419 400 478 lunae
425 437 489 476 ac
511 415 881 498 planetarum
895 458 918 486 ,
947 436 1018 474 ex
1054 412 1262 494 quibus
1291 410 1576 471 increduli
1602 432 1723 469 non
1744 410 1825 467 ita
1855 407 2086 489 pridem
2107 419 2199 467 tot

104 523 439 594 argumenta
497 509 887 569 ineluctabilia
939 507 1215 569 adversus
1281 510 1596 565 mosaicam
1656 502 2104 587 cosmogoniami
2138 523 2199 560 se

111 627 311 667 eruere
344 603 642 682 jactabant
678 603 699 682 (
709 604 785 683 1).

187 701 318 760 186.
362 698 515 758 Adeo
558 709 781 757 certum
801 708 922 771 est,
981 695 1351 755 scientiarum
1391 715 1758 776 progressus7
1809 690 2029 751 nedum
2075 688 2205 749 reli-

106 795 259 875 gioni
293 793 620 853 christianae
658 802 907 851 noceant
935 836 950 865 ‚
984 811 1211 849 novum
1251 809 1480 871 semper
1534 788 1723 847 eidem
1767 788 2205 845 firmamentum

104 910 167 948 ac
193 886 371 947 robur
402 886 677 966 adjicere3
722 907 830 944 nec
855 883 1153 966 quidpiam
1192 884 1314 944 sive
1356 905 1428 942 ex
1456 881 1753 962 geologicis
1783 893 1884 940 aut
1905 879 2154 963 physicis
2186 923 2202 952 .,

99 1004 289 1064 neque
314 1005 383 1042 ex
408 982 804 1041 astronomicis
845 977 1343 1039 observationibus
1378 977 1502 1035 erui
1536 987 1763 1058 potest7
1797 997 1912 1058 quo
1953 977 2205 1033 mosaica

101 1078 466 1157 cosmogonia
504 1076 599 1136 vel
628 1075 939 1134 minimum
979 1071 1225 1132 laedatur
1261 1082 1360 1130 aut
1391 1071 1752 1145 infirmetur,
1802 1080 1978 1152 prout
2016 1079 2207 1129 osten-

100 1172 236 1232 dere
260 1171 427 1231 nobis
455 1182 579 1230 erat
606 1169 986 1251 propositum.

102 1327 275 1371 annees
304 1307 515 1386 syderale
532 1329 576 1368 et
596 1321 812 1385 tropique
854 1326 912 1372 et,
936 1316 1000 1364 les
1032 1331 1110 1363 va-

99 1405 307 1452 riatione
332 1403 412 1450 des
430 1401 589 1450 etoiles
607 1391 668 1449 en
692 1400 939 1448 ascen-sion
960 1398 1110 1446 droite

99 1493 143 1533 et
178 1501 239 1532 en
285 1483 582 1532 declinaison
639 1481 904 1548 dependent
959 1480 1015 1527 de
1059 1497 1111 1527 ee

99 1574 395 1614 mouvement
418 1583 519 1631 par
550 1564 697 1630 lequel
723 1563 763 1611 Ie
786 1559 894 1629 pble
932 1562 989 1609 de
1024 1560 1109 1609 Γό-

98 1657 300 1713 quatem
343 1648 493 1694 deerit
532 1645 884 1694 annuellement
925 1660 994 1691 un
1027 1659 1110 1691 are

100 1729 159 1777 de
202 1726 339 1791 154''‚
383 1727 448 1776 63
492 1727 758 1793 d'unpetit
787 1725 932 1774 cerole
968 1725 1024 1771 de
1062 1723 1110 1771 la

97 1810 263 1876 sphere
286 1809 446 1857 celeste
465 1847 477 1870 ‚
500 1808 731 1874 parallele
749 1808 778 1856 ὰ
800 1806 1105 1871 l'ecliptique.

103 1892 234 1940 C’est
251 1908 311 1938 en
323 1890 421 1939 cela
439 1907 528 1955 que
547 1892 751 1938 comicie
765 1888 1110 1955 lephenomene

100 1989 257 2021 comm
291 1990 403 2021 sous
425 1972 466 2020 le
494 1989 603 2020 nom
633 1971 690 2020 de
722 1972 995 2037 prece-wion
1028 1969 1109 2016 des

101 2057 376 2119 equinooees.
411 2054 500 2119 Qui
537 2055 654 2103 ibid.
699 2056 843 2118 pergit
870 2051 1109 2101 ostendere

98 2153 260 2202 parvas
300 2136 649 2201 irregularitates
667 2170 685 2197 ‚
731 2150 834 2202 quae
872 2136 923 2182 in
966 2135 1108 2199 aequi-

99 2220 359 2266 noctiorum
381 2220 679 2283 praecessione
711 2225 963 2265 cernuntur
978 2252 991 2276 ,
1013 2232 1110 2263 non

102 2302 338 2363 provenire
365 2301 453 2346 nisi
484 2317 537 2347 ex
570 2308 698 2347 motu
726 2298 851 2363 poli,
881 2299 963 2362 qui
992 2297 1113 2344 dici·

103 2389 179 2428 tur
207 2382 502 2441 natationis,
535 2399 590 2429 ac
616 2384 784 2446 pariter
808 2381 1033 2445 reperitur
1059 2381 1108 2426 in

102 2463 262 2510 ceteris
287 2463 435 2509 astris.

172 2541 237 2606 (1)
275 2540 409 2606 Quod
453 2551 505 2590 ut
548 2541 727 2610 facilius
779 2541 1062 2607 intelligatur
1094 2577 1108 2600 ,

103 2623 566 2671 animadvertendum
595 2633 660 2671 est
687 2621 943 2687 eclipticam
960 2623 1019 2671 ab
1037 2641 1111 2671 as-

103 2707 325 2753 tronomis
354 2708 505 2752 vocari
540 2705 710 2757 lineam
741 2703 872 2751 illam
916 2721 996 2752 seu
1037 2721 1112 2751 or-

102 2787 248 2835 bitam
269 2824 282 2845 ,
306 2804 448 2852 quam
463 2786 530 2834 sol
550 2803 707 2834 annuo
728 2802 812 2833 suo
829 2803 965 2833 cursu
979 2803 1127 2850 appa·-

104 2872 221 2916 renti
273 2871 516 2934 percurrit.
570 2867 743 2916 Verum
790 2868 995 2932 ecliptica
1045 2877 1114 2915 est

107 2948 293 3016 obliqua
318 2952 535 3016 aequatori
552 2968 566 3010 ;
603 2950 691 2997 hac
716 2959 870 2997 autem
903 2948 1112 3014 obliqui-

105 3039 196 3078 tate
221 3034 460 3079 constituit
474 3049 565 3078 una
592 3048 699 3079 cum
717 3020 951 3095 aequatore
966 3048 1113 3094 angu-

106 3111 205 3158 lum
229 3111 450 3175 graduum
480 3114 638 3177 viginti
665 3114 806 3159 trium
828 3128 935 3160 cum
957 3113 1113 3177 viginti

107 3202 208 3240 octo
241 3193 336 3240 fere
373 3195 599 3256 minutis;
630 3203 833 3258 aequator
876 3195 1001 3240 enim
1045 3198 1115 3241 est

102 3272 300 3321 circulus
318 3276 542 3333 maximus
569 3291 701 3340 aeque
718 3275 895 3322 distans
913 3293 938 3322 a
962 3273 1078 3339 polis
1098 3311 1111 3333 ‚

102 3371 158 3402 ac
185 3354 375 3418 proinde
395 3372 550 3403 secans
581 3365 749 3404 terram
769 3358 818 3403 in
834 3356 949 3403 duas
969 3365 1117 3420 partes

101 3434 313 3500 aequales.
347 3434 452 3483 Jam
480 3453 584 3484 vero
617 3448 820 3502 tempore
851 3437 1012 3497 Arati,
1035 3455 1115 3484 seu

100 3512 257 3581 pot‘ius
284 3516 534 3584 Hipparchi
553 3520 748 3583 angulus
767 3519 988 3583 eclipticae
1008 3536 1116 3566 cum

103 3608 326 3663 aequatore
365 3611 461 3647 erat
502 3601 661 3664 viginti
703 3612 901 3666 quatuor
933 3603 1111 3649 circiter

104 3680 331 3741 graduum
353 3716 366 3741 ‚
400 3683 437 3727 si
476 3683 669 3728 istorum
704 3692 856 3730 tamen
896 3682 1110 3730 observa-

107 3759 313 3808 tionibus
344 3763 627 3826 acquiescere
653 3780 910 3827 possumus.
941 3763 1008 3811 Ex
1037 3764 1109 3811 di-

1189 1333 1319 1365 versa
1352 1316 1611 1382 porrohac
1638 1315 1859 1380 eclipticae
1888 1302 2207 1375 inclinatione,

1188 1415 1269 1446 seu
1310 1400 1478 1446 rectius
1516 1396 1823 1445 inclinatione
1866 1396 1964 1443 axis
1998 1395 2207 1455 telluris,

1187 1479 1530 1528 concludebant
1554 1495 1652 1526 non
1678 1479 1742 1526 ita
1769 1476 1950 1542 pridem
1982 1475 2210 1524 increduli

1188 1561 1444 1625 eclipticam
1476 1578 1556 1609 seu
1577 1560 1753 1608 telluris
1773 1575 1907 1607 axem
1937 1558 2050 1606 olim
2069 1557 2211 1605 fuisse

1187 1653 1266 1691 aut
1280 1643 1547 1701 verticalem
1565 1679 1579 1703 ,
1598 1651 1678 1690 aut
1700 1640 1968 1706 parallelam
1989 1639 2212 1705 aequatori

1186 1742 1266 1773 seu
1293 1727 1444 1790 potius
1468 1723 1809 1772 coincidentem
1841 1738 1948 1769 cum
1980 1730 2211 1786 aequatore

1185 1807 1315 1870 ipso,
1346 1823 1397 1854 ac
1424 1804 1648 1870 paulatim
1664 1805 1723 1853 ad
1737 1802 2205 1872 eambinclinationem

1192 1890 1453 1952 pervenisse
1471 1923 1485 1946 ‚
1510 1904 1653 1952 quam
1673 1885 1913 1933 obtinebat
1928 1893 2060 1932 aetate
2077 1882 2208 1932 Arati

1187 1978 1268 2018 aut
1303 1968 1556 2033 Hipparchi
1585 1967 1840 2016 aedeinde
1865 1966 1925 2014 ad
1949 1979 2079 2027 eam,
2106 1980 2211 2030 quae

1187 2068 1316 2099 nunc
1341 2050 1558 2098 habetur.
1594 2048 1714 2097 Cum
1749 2065 1855 2096 vero
1886 2050 2096 2112 ingentes
2121 2064 2212 2094 an-

1190 2150 1358 2180 norum
1397 2130 1625 2197 myriades
1655 2130 1712 2178 ad
1749 2130 1839 2177 hoc
1873 2129 2173 2194 requirantur
2194 2166 2207 2188 ‚

1189 2214 1454 2262 inferebant
1472 2251 1486 2274 ,
1517 2213 1747 2261 mundum
1778 2212 1912 2276 longe
1930 2196 2209 2258 anteriorem

1193 2300 1399 2345 mosaica
1411 2295 1708 2359 chronologia
1722 2311 1839 2343 esse.
1872 2292 1952 2340 Ast
1969 2291 2214 2359 dupliciter

1189 2377 1410 2426 errabant
1441 2376 1669 2425 increduli
1715 2376 1810 2423 isti.
1840 2372 2011 2422 Primo
2047 2376 2096 2421 in
2125 2390 2177 2422 eo
2196 2411 2210 2433 ‚

1190 2460 1315 2526 quod
1347 2459 1526 2507 nullam
1565 2457 1872 2506 admittebant
1906 2456 2127 2505 mendam
2162 2458 2213 2502 in

1193 2541 1322 2589 Arati
1350 2539 1749 2589 observationibus
1765 2577 1778 2599 ,
1798 2556 1914 2604 quas
1928 2549 2085 2586 tamen
2101 2554 2213 2586 con-

1196 2633 1284 2670 stat
1298 2624 1437 2671 fuisse
1451 2623 1869 2687 imperfectissimas
1887 2638 1901 2684 3
1918 2638 2074 2668 recens
2088 2621 2213 2667 enim

1189 2715 1300 2752 nata
1335 2706 1385 2751 in
1418 2704 1572 2751 schola
1599 2702 1909 2750 Alexandrina
1936 2711 2034 2748 erat
2059 2711 2208 2748 astro-

1190 2787 1377 2847 nomia3
1409 2786 1513 2832 satis
1541 2794 1694 2831 autem
1724 2792 1790 2831 est
1815 2783 1874 2830 ad
1898 2782 1989 2830 hoc
2018 2771 2213 2847 cognoc-

1192 2866 1394 2915 cendum
1414 2880 1679 2929 percurrere
1694 2874 1784 2912 tres
1797 2855 1939 2911 libros
1956 2862 2214 2928 Hipparchi

1191 2947 1313 3012 apud
1330 2947 1583 3006 Petavium‚
1603 2944 1684 2992 De
1700 2945 1822 2994 dect.
1838 2953 2106 3009 temp.tom.
2128 2961 2182 2991 111
2196 2982 2210 3004 ‚

1193 3047 1244 3077 ex
1267 3029 1338 3076 his
1355 3030 1478 3076 enim
1497 3038 1618 3091 patet
1644 3026 1962 3092 Hipparchum
1991 3036 2213 3092 perpetuo

1192 3109 1383 3158 Aratum
1416 3112 1578 3158 erroris
1606 3127 1811 3173 arguere.
1833 3107 1921 3156 Sed
1956 3125 2108 3173 neque
2139 3123 2213 3154 er-

1192 3189 1373 3240 roribus
1404 3201 1560 3240 carent
1578 3190 1915 3239 observationes
1933 3192 2075 3254 ipsius
2095 3188 2213 3254 Hip-

1192 3275 1352 3339 parchi
1383 3283 1429 3322 et
1463 3271 1722 3332 Ptolomaei,
1760 3272 1941 3321 defectu
1968 3273 2212 3335 praesertim

1193 3359 1634 3404 instrumentorum,
1667 3351 1803 3418 Quod
1832 3353 1966 3400 facile
1985 3390 1998 3412 ‚
2031 3355 2068 3400 si
2099 3369 2213 3417 opus

1193 3447 1334 3497 esset,
1382 3435 1560 3484 ostendi
1602 3444 1774 3499 posset.
1803 3430 2027 3482 Secundo
2069 3435 2119 3480 in
2158 3449 2212 3479 eo

1193 3517 1403 3568 errabant
1430 3555 1443 3579 ,
1493 3517 1620 3584 quod
1665 3516 1874 3565 arbitrati
1922 3519 2033 3562 sunt
2083 3514 2212 3560 hunc

1192 3600 1413 3664 eclipticae
1439 3617 1519 3648 seu
1548 3600 1648 3647 axis
1686 3598 1863 3647 telluris
1896 3604 2076 3643 motum
2115 3611 2213 3643 esse

1191 3683 1526 3746 progressivum
1548 3718 1561 3740 ,
1586 3679 1712 3745 quod
1741 3689 1897 3726 tamen
1924 3686 1992 3725 est
2020 3674 2209 3725 falsum.

1191 3761 1642 3811 Recentiores'enim
1684 3759 1972 3819 astronomi,
2006 3767 2057 3805 ut
2089 3755 2210 3806 'vidi-
