2580 4152
343 250 423 310 72

1010 277 1202 317 TRAGT.
1248 279 1317 316 DE
1363 282 1468 319 DEO
1513 283 1823 323 CREATORE.

342 427 474 474 tum
506 417 783 477 universa
827 417 1213 477 Hebraeorum
1257 441 1398 499 gens
1429 433 1558 482 tum
1587 424 1906 484 Christiani
1943 448 2147 487 omnes
2183 430 2484 510 conspira-

342 522 487 570 runt
516 511 579 570 in
630 512 741 571 hoc
780 508 1142 572 a‘dstruendo
1181 513 1473 595 dogmate.
1516 520 1641 577 Imo
1683 522 1884 579 Patres
1914 543 2118 581 omnes
2162 522 2320 581 istud
2347 534 2484 582 tan-

342 629 523 689 quam
570 608 927 690 principium
976 621 1204 669 certum
1250 610 1588 672 habuerunt
1626 615 1906 676 adversus
1962 620 2374 678 Gnosticorum
2424 631 2484 680 et

344 703 803 763 Manichaeorum
840 725 1097 779 erroreS‚
1136 717 1205 764 ut
1236 707 1610 768 adstruerent
1648 711 1863 771 scilicet
1882 759 1897 787 ,
1927 711 2115 773 Deum
2141 738 2329 774 unum
2358 738 2481 776 esse

337 820 542 857 rerum
573 800 840 857 omnium
868 810 1191 860 creatorem
1217 802 1328 883 (l)7
1355 806 1663 864 materiam
1695 828 1833 873 vero
1857 809 2117 886 ejusdem
2145 813 2250 870 Dei
2279 810 2484 870 condi-

338 895 480 953 toris
525 915 649 955 esse
680 917 847 977 opuS.

426 990 564 1049 145.
615 992 699 1049 Ex
744 991 973 1051 ratione
1016 994 1096 1052 sic
1140 994 1321 1055 thesis
1367 997 1770 1057 confirmatur.
1820 999 2077 1060 Mundus
2109 1013 2199 1061 est
2237 1004 2478 1080 finituS‚

336 1097 567 1146 constat
606 1087 768 1146 enim
804 1087 1072 1169 partibus
1099 1091 1278 1150 finitis
1309 1117 1324 1165 ς
1358 1113 1494 1172 ergo
1534 1105 1622 1152 est
1651 1095 1997 1175 contingens
2020 1141 2035 1172 7
2081 1097 2381 1158 mutabilis
2423 1112 2484 1160 et

333 1282 480 1327 simus
510 1317 524 1340 ,
570 1282 653 1346 qui
691 1283 929 1346 negaverit
975 1285 1259 1331 creationem
1311 1301 1366 1332 ex

333 1362 484 1411 nihilo
499 1400 511 1422 ‚
533 1373 601 1411 est
619 1362 931 1428 Hermogenes
950 1402 964 1425 ‚
982 1383 1124 1431 quem
1140 1376 1367 1431 tanquam

333 1444 555 1494 stolidum
582 1445 918 1512 disputatorem
940 1447 1256 1496 Tertullianus
1279 1451 1366 1497 im-

337 1530 567 1592 pugnavit
607 1530 656 1575 in
701 1528 822 1576 libro
855 1529 1079 1578 adversus
1122 1531 1364 1580 eumdem.

332 1609 545 1658 Marcion
584 1613 696 1677 jecit
726 1613 882 1675 potius
912 1611 1222 1660 fundamenta
1263 1630 1366 1660 ma·-

331 1693 592 1741 nichaeismi
631 1694 689 1742 de
729 1694 916 1742 duobus
960 1696 1218 1760 principiis.
1259 1695 1366 1744 Non

332 1776 588 1824 defuerunt
605 1786 763 1824 tamen
774 1776 1067 1842 sequioribus
1079 1778 1365 1842 temporibus

332 1861 476 1921 etiam
505 1861 558 1906 in
582 1858 958 1907 Christianorum
974 1870 1095 1908 coetu
1113 1897 1126 1919 ‚
1147 1863 1230 1926 qui
1249 1863 1365 1910 sim—

333 1940 531 2006 plicitati
559 1942 667 1989 fidei
698 1952 743 1990 et
772 1943 973 1991 oraculis
1008 1940 1364 1993 divinisdelira-

331 2033 491 2072 menta
520 2035 861 2088 praeponerent.
885 2024 1017 2074 Tales
1042 2022 1111 2073 illi
1134 2026 1328 2074 fuerunt
1347 2064 1360 2087 ‚

332 2106 390 2154 de
403 2106 576 2172 quibus
596 2107 755 2154 scribit
771 2106 1023 2172 Procopius
1036 2105 1249 2168 Gazaeus‚
1266 2126 1363 2156 non

330 2188 551 2252 ignobilis
590 2206 828 2237 sacrorum
859 2188 1088 2238 librorum
1126 2192 1285 2238 saeculi
1315 2209 1362 2241 vx

330 2274 577 2335 interpreS,
606 2274 689 2336 qui
714 2272 926 2320 dicerent
942 2281 1073 2320 aetate
1090 2290 1171 2320 sua
1195 2311 1208 2332 ‚
1228 2273 1362 2340 Moy-

333 2370 434 2402 sem
472 2352 531 2400 ab
565 2353 788 2418 AEgyptiis
825 2355 1044 2403 edoctum
1087 2356 1358 2417 tradidisse,

333 2436 570 2483 mundum
605 2454 632 2484 a
665 2436 762 2485 Deo
805 2454 863 2485 ex
926 2440 1120 2486 materia
1157 2440 1361 2504 quadam

331 2528 501 2567 aeterna
554 2519 799 2568 conditum
843 2538 991 2586 eaque
1033 2521 1092 2569 de
1134 2539 1272 2570 causa
1310 2525 1360 2570 in

329 2618 473 2667 graeca
506 2603 715 2651 versione
733 2604 897 2668 capitis
917 2620 933 2651 1
964 2602 1194 2653 Geneseos
1221 2622 1359 2653 voca·

330 2683 501 2732 bulum
523 2683 707 2740 ἑποιήωε
731 2723 745 2749 ,
758 2685 881 2750 fecit
898 2721 914 2747 ‚
943 2685 1211 2734 adhibitum
1226 2705 1323 2736 esse
1342 2725 1356 2747 ‚

331 2768 461 2834 quod
487 2768 545 2816 de
577 2769 718 2817 rebus
753 2773 893 2818 etiam
937 2771 1151 2834 usurpari
1183 2770 1356 2831 soleat,

332 2868 439 2916 quae
473 2867 532 2899 ex
564 2853 759 2900 materia
806 2852 1010 2918 quadam
1041 2855 1361 2917 praeexistente

330 2933 665 2982 conficiuntur.
701 2934 775 2981 En
807 2934 947 2982 verba
962 2934 1174 3000 Procopii
1207 2946 1359 2985 trans-

329 3015 423 3063 lata
439 3032 496 3064 ex
518 3031 665 3080 graeco
680 3016 930 3080 exemplari
951 3054 964 3075 ,
995 3019 1123 3082 quod
1143 3021 1359 3066 omnium

328 3101 509 3163 primus
539 3098 668 3146 dedit
707 3097 873 3162 Steph.
906 3097 1097 3147 Souciet
1129 3099 1180 3149 S.
1218 3100 1266 3149 J.
1308 3104 1359 3150 in

334 3178 589 3227 Observat.
604 3179 670 3249 ad
683 3179 770 3229 lib.
776 3179 942 3246 pesth.
959 3181 1104 3231 Rich.
1119 3181 1354 3246 Simonii,

330 3261 461 3310 Paris
498 3262 646 3329 ¹73⁰²
670 3280 718 3311 ιν
739 3263 836 3311 vol.
855 3261 990 3312 in-80
1012 3301 1025 3324 ‚
1042 3267 1177 3330 cujus
1197 3276 1358 3314 auctor

327 3345 518 3393 habitus
540 3355 676 3393 antea
698 3345 849 3393 fuerat
877 3346 932 3394 P.
961 3346 1352 3406 Tourneminius,

328 3429 539 3476 eruditus
581 3428 698 3476 alter
740 3446 764 3477 e
807 3428 916 3477 Soc.
962 3428 1073 3477 Jesu
1111 3432 1306 3494 scriptor
1340 3448 1354 3478 ε

332 3510 460 3557 Cum
477 3509 764 3558 vocabulum
783 3508 966 3566 ἐποίησε
985 3549 999 3573 ,
1018 3512 1075 3559 de
1094 3511 1195 3559 illis
1212 3514 1360 3560 etiam

326 3593 469 3640 rebus
514 3591 806 3640 adhibeatur
831 3629 847 3655 ,
899 3611 1007 3658 quie
1054 3611 1113 3642 ex
1156 3597 1363 3644 niateria

324 3674 536 3738 quadam
555 3675 687 3739 finnt
703 3711 720 3736 ‚
757 3675 813 3723 de
828 3675 958 3740 falce
984 3693 1033 3724 v.
1061 3694 1111 3740 9.
1140 3693 1249 3741 quoe
1265 3695 1364 3743 pa-

324 3764 467 3803 ratur
492 3774 550 3806 ea:
572 3758 704 3822 ferro
722 3795 738 3823 ,
772 3767 816 3806 et
841 3757 958 3807 aliis
986 3758 1128 3807 rebus
1153 3762 1258 3824 ejus
1274 3778 1362 3825 ye-

1449 1300 1583 1345 neris
1602 1335 1615 1356 ‚
1638 1316 1746 1363 quoe
1760 1301 2092 1364 conficiuntur
2104 1302 2166 1350 ab
2177 1303 2452 1367 artificibus
2460 1339 2478 1365 ‚

1448 1388 1568 1428 nata
1597 1380 1712 1429 hinc
1729 1390 1799 1429 est
1819 1384 2062 1431 nonnullis
2086 1387 2271 1433 occasio
2287 1386 2485 1451 dicendi

1451 1463 1662 1522 Mosen,
1699 1481 1854 1528 quum
1899 1466 1960 1513 ab
1989 1465 2247 1532 AEyyptiis
2288 1469 2481 1518 edoctus

1448 1553 1567 1592 esset
1579 1580 1595 1606 ‚
1614 1546 1964 1595 accommodate
1977 1549 2040 1595 ad
2053 1548 2178 1596 hanc
2191 1553 2480 1598 sententiam

1447 1627 1644 1674 verbnm
1698 1626 1879 1683 imino-e
1934 1646 2194 1696 usurpasse
2212 1650 2235 1691 ,·
2275 1649 2483 1697 qnorum

1447 1707 1703 1756 hominum
1757 1710 2013 1775 fallaciam
2071 1729 2185 1760 cnm
2237 1716 2485 1763 nescirent

1443 1794 1597 1856 qroeci
1629 1793 1912 1858 interpretes
1933 1832 1947 1854 ,
1981 1796 2147 1843 Mosis
2175 1797 2373 1845 verbum
2399 1798 2482 1845 he-

1447 1874 1636 1923 broeum
1667 1885 1915 1923 verterunt
1959 1874 2141 1933 ἐποίησε
2167 1899 2186 1936 ,·
2228 1888 2280 1927 at
2310 1883 2482 1944 quovis

1448 1963 1655 2021 tempore
1695 1961 1884 2006 strenui
1914 1959 2038 2023 fidei
2077 1960 2345 2026 defensores
2381 1979 2481 2011 non

1446 2038 1736 2104 defuerunt,
1771 2043 1863 2106 qni
1887 2044 1960 2090 ita
1987 2060 2064 2091 eos
2089 2043 2371 2109 refellerant
2388 2082 2401 2106 ,
2425 2053 2483 2094 ut

1445 2138 1703 2187 nunquam
1717 2140 1969 2188 assuryere
1974 2128 2252 2191 potuerint,
2272 2144 2329 2175 ac
2336 2144 2481 2193 prop·

1445 2211 1573 2253 terea
1604 2205 1798 2253 obscuri
1814 2208 2107 2272 jacuerunt.
2133 2208 2201 2256 Ex
2224 2209 2297 2257 his
2320 2220 2476 2274 patet,

1446 2305 1541 2352 qua
1584 2287 1738 2337 fronte
1776 2291 1876 2336 ausi
1920 2290 2129 2350 fuerint,
2175 2291 2340 2355 anglus
2370 2291 2476 2341 Jac-

1446 2368 1699 2418 W'indetus
1724 2372 1774 2418 in
1806 2371 1927 2419 libro
1947 2370 2028 2419 De
2052 2381 2181 2420 statu
2201 2375 2305 2420 vita
2327 2373 2478 2438 sunc-

1443 2460 1602 2499 torum
1622 2489 1636 2511 ‚
1684 2453 1792 2501 lect.
1834 2470 1870 2500 11
1890 2491 1902 2512 ‚
1930 2472 2028 2519 pag.
2072 2452 2174 2517 483
2208 2455 2440 2504 Burnetus
2460 2494 2475 2517 ‚

1445 2532 1693 2582 Archoeol.
1726 2533 2004 2602 philosoph.
2035 2536 2124 2585 lib.
2161 2554 2229 2596 11,
2263 2555 2367 2602 cap.
2406 2555 2474 2604 9,

1444 2634 1546 2682 pag.
1589 2614 1688 2680 453
1710 2655 1723 2677 ‚
1765 2618 1938 2684 aliique
1991 2619 2122 2684 apud
2170 2620 2353 2668 eosdem
2398 2637 2474 2667 ar-

1443 2717 1581 2764 guere
1611 2702 1846 2763 potuerint
1880 2701 2214 2761 scholasticos,
2248 2703 2380 2766 quasi
2405 2702 2475 2750 illi

1443 2783 1658 2829 omnium
1685 2785 1825 2847 primi
1853 2786 2136 2832 creationem
2167 2800 2220 2831 ex
2244 2783 2392 2832 nihilo
2415 2801 2475 2833 ex

1442 2863 1565 2912 male
1594 2875 1782 2929 accepta
1809 2865 2147 2930 significatione
2177 2868 2304 2913 vocis
2338 2867 2470 2921 ΝἾΞ

2395 2940 2463 2958 ΤΤ

1443 2995 1754 3057 confixerint,
1808 2995 2154 3063 antiquioribus
2193 2996 2469 3046 Christianis

1441 3094 1628 3142 prorsus
1661 3080 1970 3143 incognitam.

1508 3159 1575 3221 (l)
1615 3158 1717 3209 Cfr.
1771 3160 1895 3209 lren.
1944 3159 2077 3210 Adv.
2121 3160 2237 3209 hoer.
2282 3162 2370 3211 lib.
2416 3180 2434 3210 1
2454 3200 2468 3224 ,

1441 3259 1545 3307 cap.
1586 3257 1685 3305 223
1721 3241 1803 3290 lib.
1833 3260 1870 3290 ιι
1893 3278 1907 3305 ,
1940 3260 2045 3308 cap.
2086 3260 2113 3290 2
2149 3255 2193 3292 et
2227 3262 2330 3309 cap.
2368 3261 2469 3311 273

1438 3323 1526 3371 lib.
1560 3341 1640 3383 111,
1661 3341 1765 3389 cap.
1795 3322 1855 3386 8,
1873 3326 1984 3373 edit.
2008 3325 2242 3390 Massuet3
2265 3326 2466 3376 Tertull.

1442 3404 1525 3453 De
1544 3408 1822 3472 proescript.
1841 3424 1946 3471 cap.
1975 3408 2032 3455 13
2056 3446 2067 3467 ‚
2088 3427 2141 3457 ac
2159 3409 2243 3458 lib.
2268 3427 2284 3456 1
2301 3447 2313 3470 ‚
2332 3408 2469 3459 Adv.

1444 3490 1704 3536 Marcion.
1734 3506 1837 3554 cap.
1875 3506 1932 3536 10
1967 3501 2012 3537 et
2041 3509 2173 3558 seqq.
2212 3490 2432 3556 Origenes
2453 3527 2467 3550 ‚

1444 3570 1526 3619 De
1548 3572 1823 3635 principiis
1843 3608 1857 3631 ‚
1893 3574 1942 3618 in
1969 3590 2161 3637 prooem.
2190 3591 2239 3620 n.
2266 3570 2300 3635 4
2318 3609 2330 3632 ,
2352 3572 2467 3620 edit.

1446 3651 1604 3700 Maur.
1638 3652 1834 3717 August.
1865 3651 1948 3701 De
1977 3653 2163 3703 Genesi
2186 3662 2313 3703 cont.
2349 3653 2469 3700 Ma-

1446 3732 1581 3783 nich.
1614 3735 1701 3782 lib.
1734 3752 1751 3781 1
1774 3772 1786 3795 ‚
1814 3751 1917 3800 cap.
1957 3751 2007 3785 2.
