2580 4152
401 178 514 237 1⁵20
1047 200 1243 238 rnAcr.
1288 200 1357 237 mi
1398 200 1506 238 nno
1546 198 1849 240 GREATORE.

479 342 621 402 243.
645 341 735 402 Ad
766 343 873 417 4¹¹¹,
902 344 1058 402 Dist.
1090 341 1158 400 Id
1181 353 1269 401 est
1289 387 1304 415 a
1333 342 1607 402 nonnulli
1636 354 1838 402 contra
1868 364 2240 403 communem
2269 346 2510 404 Patrum

395 448 458 496 et
484 438 876 520 interpretum
905 457 1145 495 sensum
1166 481 1182 511 7
1211 436 1574 510 cona-,alias
1594 483 1609 512 .,
1641 459 1772 518 neq.
1809 438 1946 498 Ideo
1979 452 2176 500 autem
2202 439 2360 521 quod
2388 440 2512 498 sin-

395 531 622 612 gulares
663 533 759 590 isti
800 532 1157 613 expositores
1220 531 1353 614 plus
1411 554 1579 613 aeque
1627 554 1732 592 suo
1773 533 2005 614 ingenio
2050 535 2402 594 indulserint
2451 537 2516 594 in

394 628 828 708 Scripturarum
874 625 1285 708 explanatione
1338 638 1539 686 contra
1593 648 1830 686 sensum
1867 630 2045 707 totius
2102 630 2461 712 antiquitatis
2496 676 2513 705 ,

396 723 819 802 sapientiorum
878 722 1145 779 omnium
1188 721 1707 803 reprehensionem
1746 722 2148 805 invidiamque
2189 724 2515 784 subierunt.

396 817 622 876 Exinde
646 817 918 876 discimus
942 862 958 892 ,
985 817 1122 876 aleae
1150 839 1294 898 opus
1320 815 1565 898 plenum
1590 838 1744 892 esse7
1789 817 1939 878 velle
1961 840 1993 876 a
2018 831 2249 900 recepta
2281 831 2342 880 et
2366 842 2520 883 com-

396 913 566 971 muni
603 914 665 971 in
712 912 910 972 Bibliis
951 912 1313 995 exponendis
1350 912 1641 971 sententia
1679 913 1971 973 recedere.
2012 915 2081 972 In
2119 936 2215 973 eos
2257 915 2545 996 scopulos

396 1007 734 1067 inciderunt
761 1054 776 1082 7
818 1010 881 1066 in
933 1030 1077 1091 quos
1117 1009 1332 1090 passim
1375 1010 1775 1067 Protestantes
1816 1030 1887 1068 ex
1912 1009 2028 1067 suis
2074 1010 2373 1092 principiis
2397 1025 2551 1090 'na--

401 1123 542 1164 vem
576 1125 744 1163 suam
780 1104 1123 1186 impingunt
1163 1103 1273 1184 (1).
2469 1095 2474 1100 ⁹

480 1198 623 1257 244.
674 1198 764 1257 Ad
805 1200 911 1274 5¹1¹7
936 1200 1091 1281 Ney.
1130 1198 1221 1258 Ad
1250 1198 1488 1257 allatam
1517 1220 1657 1259 vero
1701 1197 2111 1280 probationem
2145 1202 2484 1283 reponimus
2508 1249 2524 1278 ,

398 1315 594 1376 neque
617 1306 1017 1354 monstrosum
1042 1317 1150 1355 nec
1172 1295 1541 1355 deficientem
1568 1306 1735 1376 parte
1756 1294 1947 1376 aliqua
1972 1296 2241 1376 integrali
2265 1297 2527 1379 primum

399 1389 707 1461 hominem
740 1391 862 1452 sive
901 1392 1039 1451 ante
1068 1391 1189 1452 sive
1220 1402 1355 1472 post
1378 1390 1612 1449 feminae
1641 1390 2054 1449 formationem
2084 1392 2373 1467 extitisse,
2404 1395 2525 1452 Deo

400 1486 751 1570 providente
766 1508 831 1545 ac
846 1487 1201 1568 disponente
1217 1486 1497 1566 sapientia
1522 1506 1625 1543 sua
1645 1530 1660 1559 7
1686 1506 1761 1543 ne
1785 1485 1846 1542 in
1869 1486 2218 1545 alterutrum
2233 1487 2527 1547 defectum

400 1583 714 1644 incideret.
745 1585 915 1642 Sacer
940 1593 1135 1642 textus
1162 1580 1223 1639 id
1251 1592 1453 1662 aperte
1484 1581 1679 1638 innuit
1698 1581 1804 1660 (2).
1834 1583 2111 1663 Deceptio
2127 1582 2361 1642 illorum
2383 1630 2398 1659 a
2429 1585 2529 1666 qui

401 1678 495 1738 his
537 1679 705 1758 nugis
743 1677 1121 1752 detinentur,
1162 1677 1225 1734 in
1274 1697 1342 1735 eo
1380 1686 1501 1751 est⁷
1539 1675 1696 1757 quod
1729 1676 1917 1736 velint
1945 1677 2231 1756 judicium
2271 1679 2422 1739 ferre
2456 1679 2530 1739 de

402 1774 580 1834 rebus
630 1775 804 1856 longe
844 1796 878 1834 a
931 1795 993 1834 se
1028 1773 1271 1856 positis,
1329 1783 1389 1831 et
1434 1794 1684 1854 quarum
1729 1771 2003 1850 adjuncta
2054 1775 2250 1834 omnia
2295 1775 2529 1857 penitus

403 1870 695 1951 ignorant.

1199 2032 1613 2087 PROPOSITIO
1677 2033 1749 2088 ΙΙ.

420 2167 782 2227 Universum
813 2167 1161 2225 humanum
1197 2186 1390 2246 yenus
1431 2166 1510 2223 ab
1552 2165 1756 2224 Adam
1799 2169 2079 2225 omnium
2109 2175 2535 2246 protoparente

1191 2269 1618 2340 propaqatum
1659 2271 1760 2320 est.

496 2437 639 2497 245.
664 2438 800 2497 Haec
814 2437 1135 2519 propositio
1150 2437 1224 2496 ad
1239 2437 1418 2497 fidem
1431 2449 1678 2520 spectat⁷
1700 2449 1906 2519 utpote
1923 2437 2246 2498 necessario
2275 2456 2537 2496 connexa

416 2556 551 2594 cum
593 2533 837 2592 articulo
878 2532 953 2593 de
991 2534 1410 2615 propagatione
1445 2534 1669 2615 peccati
1700 2533 1990 2613 originalis
2012 2580 2027 2609 7
2062 2533 2134 2592 de
2160 2553 2273 2614 qua
2296 2531 2536 2590 inferius

418 2629 790 2690 disseremus
821 2631 976 2687 Duas
1002 2651 1176 2710 porro
1206 2629 1674 2689 adversariorum
1712 2628 1917 2688 classes
1945 2629 2283 2711 perstringit
2306 2672 2321 2701 7
2355 2647 2540 2707 praea-

416 2724 662 2784 damitas
691 2724 963 2786 videlicet
998 2736 1057 2783 et
1107 2724 1359 2784 fautores
1397 2716 1792 2806 aborzyenum
1843 2724 2404 2796 autochthonumve,
2447 2742 2538 2780 eo-

409 2842 551 2880 rum
578 2820 791 2881 scilicet
820 2821 1128 2880 hominum
1151 2867 1167 2896 ,
1213 2822 1313 2903 qui
1336 2819 1631 2881 habentur
1666 2832 1731 2879 ut
1757 2822 1913 2879 enati
1939 2820 2002 2878 in
2045 2818 2287 2881 diversis
2328 2815 2535 2876 mundi

487 3039 558 3104 (l)
578 3040 636 3087 In
650 3040 878 3106 ejusmodi
896 3040 1093 3088 absurda
1111 3040 1437 3105 inciditnuper
1517 3041 1651 3089 sibus
1677 3042 1797 3088 meis
1820 3022 1866 3087 et
1885 3056 1995 3088 caro
2017 3039 2073 3086 de
2094 3055 2238 3087 carne
2255 3055 2378 3087 mea.
2399 3036 2530 3086 Non·-

418 3123 455 3171 F
460 3141 499 3172 r.
524 3122 939 3189 Baader‚quamvis
956 3120 1228 3182 catholicus,
1246 3125 1295 3170 in
1321 3121 1436 3170 An-
1518 3123 1637 3171 nulli
1668 3140 1828 3172 vocem
1850 3100 1980 3191 {2⁴73
2009 3131 2192 3170 vertunt
2209 3120 2333 3168 latus
2347 3137 2369 3182 ,·
2390 3118 2532 3168 Chal--

417 3213 519 3254 not.
549 3207 605 3252 in
634 3221 745 3271 cap.
774 3215 840 3253 2¹¹²
860 3204 1114 3265 Geneseos,
1151 3203 1298 3270 1829.
1900 3195 1926 3214 Τ
1947 3195 1970 3204 “

491 3289 558 3353 (2)
590 3288 862 3337 Menochius
880 3326 893 3347 ‚
932 3288 1083 3336 Estius
1104 3324 1117 3346 ‚
1147 3287 1316 3336 Piscat.
1346 3285 1436 3335 Ca—

419 3371 631 3419 tharinus
661 3372 711 3417 in
745 3372 1085 3419 commentariis
1115 3369 1173 3417 ad
1193 3369 1321 3417 hunc
1339 3369 1432 3417 loc.

418 3463 609 3501 censent
654 3463 698 3500 et
745 3463 919 3500 costam
964 3462 1008 3500 et
1051 3469 1238 3500 carnem
1284 3451 1436 3499 Deum

420 3534 650 3583 suffecisse
667 3537 716 3582 in
733 3537 832 3600 ejus
847 3535 1022 3595 locum,
1044 3534 1168 3582 unde
1183 3540 1230 3581 et
1247 3549 1434 3581 carnem

1517 3253 1644 3301 daeus
1672 3253 1905 3302 interdum
1944 3252 2154 3301 eamdem
2195 3269 2353 3301 vocem
2382 3249 2531 3298 reddit

1513 3344 1740 3401 partem‚·
1782 3336 1846 3382 sic
1883 3334 2186 3382 Alexandrini
2233 3333 2394 3382 eodem
2423 3349 2529 3379 sen-

1519 3435 1573 3465 su
1604 3416 1885 3464 transferunt
1912 3434 2013 3465 eam
2045 3415 2301 3464 identidem
2336 3429 2417 3478 per
2442 3429 2527 3461 vo-

1519 3517 1619 3548 cem
1645 3497 1772 3565 μέροε
1791 3534 1802 3546 .
1822 3498 1904 3546 Ast
1933 3515 2112 3547 necesse
2138 3515 2233 3546 non
2269 3494 2409 3545 estad
2426 3494 2525 3540 haec

1518 3582 1778 3647 confugere.
1832 3580 1932 3631 Cfr.
1981 3581 2205 3629 Commet.
2255 3577 2435 3626 Calmet
2475 3577 2526 3623 in

422 3626 466 3663 et
492 3626 662 3664 costam
689 3626 945 3681 sumpserat
965 3654 978 3676 9
1010 3625 1147 3681 P¹'⁰nt
1176 3615 1315 3663 Verba
1340 3618 1433 3680 ipsa
1515 3664 1642 3713 hunc
1676 3664 1828 3712 locum

421 3694 589 3747 Adami
614 3699 822 3749 indicant
849 3716 863 3748 τ
894 3697 1005 3747 Hoc
1031 3714 1163 3747 nunc
1194 3714 1244 3745 os
1273 3714 1331 3746 ex
1357 3714 1431 3746 os-
